3104 5034
342 428 381 483 ba
407 429 651 501 issuiipitott.
681 431 720 487 lit
749 435 857 490 bidui
887 433 998 488 tellit*
1028 431 1194 485 tttltitttls.
1339 431 1384 484 ‘293

154 540 255 596 minus
269 547 324 609 est,
342 545 371 598 et
385 541 474 598 iudex
489 541 618 600 omnium
637 542 744 604 discer-

154 627 229 692 nens
243 615 345 670 merita
359 613 545 684 singulorum.
561 616 634 672 Dum
657 615 745 688 igitur

152 699 218 753 ipse
232 700 250 740 a
270 685 370 754 quovis
382 699 435 741 suo
456 685 572 743 nomine
586 686 743 759 invocatus,

152 769 213 837 nori
229 754 326 812 statim
341 755 464 826 exaudit,
477 758 604 828 proiecto
614 760 692 831 justo
699 761 743 842 ju·

152 825 231 882 dicio
245 825 275 883 id
288 825 370 896 lacit;
384 829 511 884 invocato
521 836 616 886 autem
629 847 744 889 nomine

155 897 254 954 Matris
279 913 349 967 suae,
377 897 430 954 etsi
453 899 555 957 merita
584 900 744 960 invocantis

153 984 215 1025 non
239 974 396 1037 merentur,
416 970 519 1028 merita
540 971 639 1030 illatris
653 972 742 1031 inter·

155 1039 270 1110 cedunt,
287 1046 318 1099 ut
340 1039 515 1100 exaudiatur.
533 1045 599 1100 llaec
619 1044 743 1117 denique

156 1111 298 1169 humanus
313 1128 381 1170 usus
403 1111 529 1183 qnotidie
551 1116 662 1186 probat,
678 1133 743 1175 cum

154 1181 220 1263 quis
234 1182 379 1257 proposito
394 1181 479 1240 amici
494 1185 621 1256 nomine,
635 1187 670 1245 ab
685 1188 742 1245 alio

153 1259 290 1324 impetrat
305 1253 470 1324 elllcaciter,
485 1257 561 1327 quod
576 1256 743 1330 simpliciter

154 1339 208 1380 sua
223 1341 307 1397 prece
326 1341 508 1398 nequaquam
524 1327 678 1400 impetrare
694 1347 741 1389 va-

154 1395 242 1452 lebat.
255 1399 362 1469 ltaque,
373 1397 397 1454 si
411 1402 470 1454 tam
480 1397 557 1456 utilis
569 1405 621 1468 est,
634 1400 663 1458 in
675 1403 741 1459 snb·

155 1468 307 1548 veniendo,
328 1468 467 1526 memoria
494 1470 620 1528 nominis
644 1473 742 1530 llatris

154 1539 217 1606 Dei,
234 1557 289 1596 non
306 1540 409 1597 mirum
432 1539 456 1596 si
478 1540 570 1612 magis
584 1543 669 1600 alleri
682 1545 740 1602 lru·

151 1616 230 1693 ctum
243 1611 376 1684 trequens
384 1611 519 1670 mediatio
530 1613 620 1670 sancti
634 1615 741 1673 amoris

152 1697 227 1754 epus,
249 1681 273 1739 si
319 1685 412 1740 lenam
427 1683 635 1755 jucunditatem
661 1686 741 1744 dabit

153 1753 228 1835 dulci
244 1699 337 1812 stuciio
352 1755 476 1826 cogitata
490 1754 636 1813 etiterum
653 1773 740 1816 reco-

153 1829 242 1895 gitata
254 1827 427 1884 immensitas
438 1825 535 1898 gaudii
549 1829 611 1900 eius
625 1845 632 1884 ε
647 1849 662 1879 i>
678 1830 739 1888 haec

154 1899 309 1954 anselmus.
710 1947 711 1951 ,

188 1971 282 2026 sein
307 1987 500 2027 asrimniorvss
526 1989 558 2028 icr
590 1990 738 2031 onirioivss

154 2057 187 2095 nn
200 2042 233 2096 B.
250 2042 370 2098 Manilii.
399 2073 432 2085 -
451 2043 513 2100 Tibi
533 2059 611 2126 ergo,
638 2060 655 2101 o
675 2060 739 2116 spes

154 2116 263 2181 nostra,
289 2112 435 2184 gaudium,
459 2120 489 2171 et
516 2113 615 2172 laetitia
644 2116 738 2173 cordis

154 2186 256 2264 nostri,
270 2200 323 2255 ego
339 2191 472 2257 peccator
495 2184 525 2241 in
550 2202 647 2243 vocem
660 2187 737 2245 salu·

154 2253 269 2312 tationis
278 2261 307 2312 et
318 2253 530 2329 leudiscupiens
540 2272 736 2330 prorumpere,

154 2333 239 2398 teque
254 2343 287 2383 cx
300 2327 400 2384 intimo
411 2327 506 2384 cordis
519 2343 583 2384 cum
593 2327 700 2400 gemitu
710 2335 739 2386 et

153 2397 297 2469 lacrymis,
309 2405 338 2455 et
348 2399 451 2456 devote
462 2400 556 2456 cordis
566 2400 739 2471 genuflexio·

153 2484 187 2524 ne
201 2468 438 2526 affectuosissime
449 2474 566 2528 illatrem
578 2471 679 2543 gratiae
695 2488 737 2529 sa·

153 2538 253 2612 lutare,
271 2545 299 2622 et
314 2541 452 2610 laudare;
476 2557 539 2599 cum
553 2547 648 2599 mente
668 2559 737 2614 per-

153 2616 242 2668 tracto
259 2628 335 2669 viros
351 2612 485 2682 illustres,
501 2612 548 2684 qui
563 2619 591 2670 te
604 2615 640 2672 ab
654 2613 736 2672 initio

126 2685 132 2695 '
154 2681 353 2752 laudaverunt,
370 2700 431 2756 prae
447 2689 563 2756 stupore
580 2685 694 2754 deficio,
710 2691 739 2743 et

152 2753 227 2811 ultra
245 2753 376 2837 spiritum
392 2772 449 2812 nou
467 2757 569 2813 babeo.
587 2757 651 2822 Sed,
673 2773 736 2814 cum

152 2823 187 2881 ad
202 2840 246 2882 me
259 2841 351 2896 ipsum
365 2825 462 2895 redeo,
476 2827 537 2883 haee
549 2826 626 2884 intra
639 2843 683 2884 me
695 2845 737 2884 re·

153 2895 241 2952 volvo.
254 2897 352 2954 dicens
365 2915 372 2952 :
387 2897 480 2966 Salve,
491 2914 507 2954 o
517 2897 564 2968 pia
574 2900 663 2954 llater
673 2899 733 2968 liei,

152 2971 179 3024 et
202 2969 288 3025 licata
313 2968 402 3040 virgo,
423 2984 511 3096 guam
539 2968 635 3025 lunilat
660 2969 736 3026 orbis

154 3043 246 3110 terrae,
261 3045 290 3097 et
312 3040 420 3113 plenitu
442 3056 459 3096 o
482 3041 554 3112 ejus,
571 3039 634 3096 cccli
647 3040 736 3097 coelo-

154 3125 225 3178 rum,
242 3116 270 3167 et
289 3111 382 3168 omnis
398 3109 486 3168 virtus
501 3126 616 3180 cornm;
647 3111 735 3182 quid·

152 3181 217 3254 quid
241 3181 277 3239 de
302 3185 447 3254 preconio
461 3187 509 3238 tuo
530 3183 627 3254 lingua
641 3181 735 3240 dicere

153 3252 251 3324 potuit,
266 3259 392 3312 calamus
414 3255 539 3311 scribere
565 3253 663 3322 valuit,
686 3270 736 3310 cor

152 3323 242 3395 potnit
262 3325 399 3396 cogitare,
423 3324 558 3382 omnibus
579 3325 636 3381 illis
650 3323 734 3382 simul

152 3395 275 3452 collectis
297 3401 326 3452 et
347 3395 526 3466 conscriptis,
542 3405 570 3454 et
594 3395 625 3453 in
647 3412 734 3454 unum

153 3465 329 3538 manipulum
342 3465 486 3536 congestis
494 3468 692 3540 centuplicata,
707 3473 734 3525 et

152 3537 286 3595 inssnities
300 3537 500 3612 multiplicata,
515 3541 601 3596 corde
619 3540 733 3608 devoto,

151 3625 235 3666 aureo
250 3625 316 3666 cum
337 3611 452 3678 decore,
468 3610 604 3667 mellilluo
620 3627 732 3682 sapore,

152 3686 178 3737 et
197 3681 289 3738 odore
303 3679 472 3746 aromatico,
496 3681 548 3736 tibi
565 3683 682 3752 porrigo
697 3683 733 3738 ad

151 3752 323 3810 laudandum
341 3757 369 3810 et
381 3751 599 3826 glorificandum
612 3758 650 3818 tc,
664 3751 734 3809 Vir-

151 3840 185 3895 go
199 3825 293 3894 beata,
310 3840 386 3881 nunc
404 3831 432 3880 et
447 3822 476 3879 in
491 3829 639 3880 aelernum.
656 3825 734 3880 Unde

151 3894 734 3978 Anqusttnuszvilccipeltaquequascum·

152 3981 204 4038 que
221 3966 331 4024 meritis
354 3965 411 4024 tuis
434 3981 559 4039 impares
576 3965 733 4036 gratiarum

152 4038 277 4096 actiones
291 4037 439 4104 alaudes:
456 4044 484 4095 et
497 4053 560 4094 cum
575 4036 733 4109 susceperis

152 4114 224 4177 vota,
244 4111 342 4182 culpas
355 4115 469 4167 nostras
493 4109 601 4166 orando
619 4123 730 4165 excusa.

152 4181 273 4239 Admitte
288 4185 402 4237 nostras
415 4197 511 4253 preces
527 4181 601 4236 intra
613 4179 731 4236 sacrari·

153 4270 197 4310 uni
215 4252 268 4324 piae
284 4252 481 4321 exauditionis,
497 4257 525 4308 et
549 4256 664 4323 reporta
680 4267 731 4308 no-

155 4323 195 4380 bis
224 4323 385 4380 antidotum
412 4321 660 4380 reconciliationis
691 4321 732 4377 Sit

153 4411 200 4466 per
219 4402 248 4450 tc
262 4393 434 4462 excusabile,
450 4395 525 4466 quod
539 4410 591 4466 per
604 4399 632 4450 te
648 4392 732 4460 inpe-

802 547 912 618 rimus3
935 546 986 604 ilat
1010 545 1200 618 impetrabile,
1223 545 1300 617 quod
1327 545 1384 601 fida

802 625 897 676 mente
910 616 1052 692 poscimus
1065 637 1074 684 ;
1089 616 1184 686 accipie
1198 617 1273 686 quod
1287 615 1383 673 ollari-

802 705 875 756 mns,
892 689 1015 761 impetra
1028 688 1103 761 quud
1119 703 1263 759 rogamus,
1279 703 1384 744 excusa

801 759 1321 834 quodtimenius:quianecpotiorem
1329 775 1384 816 me·

802 831 864 889 ritis
882 830 1054 901 invenimus,
1074 831 1110 888 ad
1127 830 1297 902 placandum
1312 831 1384 887 iram

799 903 815 964 J
818 903 918 972 udicis,
928 919 1015 975 quam
1028 907 1066 972 te,
1080 917 1142 974 quae
1156 900 1283 958 meruisti
1295 903 1385 958 Mater

800 978 919 1032 existere
929 975 1056 1048 ejusilem
1066 971 1264 1046 Redemptoris
1272 971 1384 1030 ctJudi·

800 1045 841 1104 cis
855 1048 955 1103 nostri.
966 1047 1099 1104 succurre
1109 1061 1172 1112 erqo
1183 1045 1301 1111 miseris,
1312 1044 1384 1114 jauo

790 1103 1001 1190 pusillanimes,
1020 1117 1113 1185 relcoe
1129 1117 1243 1186 flebiles,
1262 1130 1311 1170 orn
1332 1131 1383 1185 pro

798 1191 911 1262 populo,
932 1190 1067 1246 interveni
1085 1203 1137 1260 pro
1152 1189 1232 1254 clero,
1248 1185 1383 1242 intercede

798 1277 849 1332 pro
861 1261 1054 1316 monachorum
1067 1261 1157 1327 clero,
1168 1273 1252 1314 encra
1263 1273 1315 1329 pro
1329 1257 1383 1312 de-

799 1338 860 1388 voto
874 1333 991 1400 femineo
1004 1347 1090 1399 senu;
1104 1333 1279 1400 sentiantque
1291 1345 1383 1384 omnes

800 1407 876 1459 tuum
887 1404 1029 1472 juvamen,
1046 1405 1211 1474 quicumque
1224 1401 1319 1456 devote
1333 1416 1382 1456 ce-

800 1467 908 1530 lebrant
923 1479 998 1530 tuom
1013 1474 1246 1555 assumptionem.
1272 1470 1314 1528 Sit
1329 1471 1380 1527 tibi

799 1543 956 1618 compassio
970 1559 1057 1616 super
1068 1543 1193 1611 alllictls,
1207 1541 1243 1597 sit
1263 1541 1325 1610 pius
1339 1542 1382 1598 sl·

798 1616 888 1673 lectus
907 1631 993 1688 super
1014 1615 1151 1672 coelorum
1166 1611 1333 1686 peregrinis.
1350 1614 1383 1668 lit

798 1703 862 1744 cum
874 1692 903 1744 te
915 1703 1028 1760 semper
1046 1686 1189 1743 laetantem
1204 1682 1316 1754 aspicis,
1331 1685 1382 1740 lle-

797 1763 843 1816 tus
866 1775 979 1830 quoque
1006 1764 1120 1814 nostros
1139 1757 1175 1814 ad
1203 1757 1291 1813 Deum
1319 1753 1382 1824 ipsa

797 1829 951 1900 admittas;
969 1845 1100 1912 eumque,
1121 1833 1152 1884 ut
1170 1825 1317 1900 proprium
1335 1826 1380 1883 Fi-

798 1901 878 1970 lium,
889 1918 940 1974 pro
951 1902 1033 1959 nobis
1043 1899 1378 1972 interpellesprecamur.

796 1974 852 2030 Nos
868 1973 945 2030 enim
958 1974 1051 2028 adbuc
1063 1971 1093 2028 in
1113 1973 1167 2028 hac
1188 1975 1266 2027 terro
1287 1968 1379 2050 aldgi-

797 2060 871 2106 mur,
888 2042 999 2115 iniuriis
1021 2041 1199 2109 lacessimur,
1221 2039 1380 2112 opprobriis

796 2111 1378 2185 afficimur,esurimus,sitimus‚somnum

797 2188 930 2258 patimur,
955 2185 1121 2242 incarcere
1144 2182 1311 2240 retinemur.
1338 2183 1377 2237 Tu

795 2273 862 2315 vero
881 2256 912 2314 iii
926 2255 1087 2314 coelestibus
1101 2253 1197 2328 regnis
1215 2252 1333 2325 praelata
1347 2268 1377 2308 es

795 2328 903 2386 cunctis
917 2326 1057 2400 virginum
1077 2325 1181 2384 choris.
1197 2327 1248 2392 Tu,
1265 2325 1376 2396 Agrium

795 2415 974 2472 quocumque
986 2397 1153 2471 perrexerit,
1168 2394 1315 2467 sequeris;
1334 2400 1375 2463 tu,

794 2470 936 2544 virgineos
948 2471 1059 2532 choros.
1075 2475 1104 2525 et
1115 2471 1152 2526 ab
1161 2466 1378 2525 incentivaecar-

794 2541 840 2599 nis
868 2542 1009 2599 illecebris
1030 2540 1152 2609 alienos,
1174 2555 1226 2611 per
1252 2537 1377 2596 albentia

793 2611 853 2670 lilia
875 2629 1011 2684 rosasque
1032 2617 1193 2694 vernantes,
1214 2609 1251 2692 ad
1271 2610 1377 2666 iontem

793 2685 927 2758 perennis
942 2685 1007 2741 vitae
1021 2683 1162 2756 potandos
1186 2685 1300 2738 invitas.
1325 2683 1377 2752 Tu,

795 2772 858 2828 quas
875 2756 905 2812 in
921 2757 969 2814 illa
980 2758 1132 2812 Beatorum
1152 2751 1316 2810 felicissima
1331 2767 1376 2808 re-

793 2829 954 2898 gna,primi
969 2825 1079 2882 ordinis
1093 2824 1259 2896 dignitatem
1275 2826 1378 2895 adepta

794 2914 835 2966 es,
844 2897 950 2980 plantis
960 2895 1078 2953 roscidis
1087 2893 1319 2963 oberrans,intcr
1332 2909 1378 2964 pa·

794 2967 881 3026 radisi
896 2964 1329 3037 amoenitatem,gramineosque
1348 2971 1376 3020 et

793 3055 902 3108 crocos,
918 3047 1019 3096 tenero
1043 3036 1146 3111 poplite
1167 3035 1270 3108 pergis,
1286 3033 1374 3091 letici-

793 3126 848 3182 que
856 3111 951 3183 palma
959 3109 1050 3166 violas
1062 3105 1374 3188 immarcessibilescai··

792 3187 845 3265 pis.
861 3183 902 3239 Tu
916 3180 1043 3238 concinis
1056 3182 1116 3237 sine
1127 3179 1185 3236 line
1200 3180 1295 3234 cboris
1310 3193 1375 3234 coii-

789 3261 890 3324 Juncta
921 3251 1078 3324 angelicis3
1112 3247 1375 3320 archangelicisqno

793 3323 911 3392 sociata,
932 3323 1074 3380 indelessa
1092 3338 1160 3378 voce
1178 3323 1296 3379 Sanctus
1322 3319 1375 3375 cla·

793 3411 872 3453 mare
886 3411 944 3452 uoii
962 3409 1065 3452 cesses.
1082 3395 1123 3451 Tu
1138 3394 1167 3450 in
1181 3389 1308 3448 cubiculo
1324 3391 1376 3446 lte·

793 3466 848 3539 gis,
861 3466 1047 3528 beatitudine,
1063 3465 1193 3548 gemmis,
1208 3478 1241 3518 ac
1260 3477 1373 3534 marga-

792 3538 855 3595 ritis
873 3542 974 3594 oruata
1002 3536 1107 3594 existis.
1123 3533 1184 3593 Tibi
1203 3535 1321 3589 thronus
1338 3533 1374 3588 ab

792 3608 909 3681 Angelis
924 3614 967 3666 est
984 3608 1177 3665 collocatusln
1198 3605 1264 3662 aula
1290 3603 1375 3674 Regis

792 3679 912 3750 aeterni3
928 3679 1082 3752 tequeipse
1095 3681 1153 3734 Rex
1166 3683 1308 3741 reaumut
1317 3678 1373 3731 lla·

791 3759 865 3808 trem
892 3766 1001 3819 veram,
1029 3754 1058 3806 et
1086 3749 1220 3805 decoram
1242 3761 1374 3819 sponsam

791 3839 850 3895 prae
864 3821 997 3880 omnibus
1008 3819 1140 3892 diligens,
1154 3820 1261 3876 amoris
1271 3818 1375 3891 ample·

792 3911 828 3951 iu
843 3892 974 3950 associat.
997 3893 1054 3949 ttec
1074 3890 1190 3961 mirum,
1204 3889 1227 3946 si
1243 3891 1375 3973 dignetur

792 3963 844 4020 tilii
859 3963 1022 4037 adgaudere
1044 3964 1117 4020 Deus
1134 3977 1259 4034 regnans
1272 3978 1302 4018 in
1317 3977 1374 4018 οω-

791 4035 838 4105 lis,
850 4051 935 4108 quem
949 4042 980 4092 tu
995 4034 1219 4106 parvulnmexte
1229 4033 1373 4090 hominem

791 4115 889 4164 natum
912 4105 996 4164 toties
1020 4106 1148 4164 osculata
1172 4121 1202 4162 es
1227 4103 1371 4160 interris.

792 4181 847 4235 llas
870 4194 940 4250 ergo
958 4185 1022 4236 tuas
1041 4176 1191 4234 felicitates
1213 4174 1371 4247 possidens,

792 4256 955 4307 convertere
967 4250 1003 4306 ad
1015 4256 1176 4306 nostrarum
1192 4245 1370 4302 miseriarum

791 4322 921 4379 salutem.
935 4323 1011 4378 lnter
1021 4321 1091 4388 liaec,
1104 4314 1375 4398 iratrescariss'imi,

792 4399 851 4450 toto
863 4391 967 4450 mentis
979 4392 1094 4460 ellectu,
1105 4391 1274 4448 beatissimae
1281 4387 1371 4460 Virgi-
