2974 5040
361 444 547 538 huqstxtn.
578 444 610 502 ΙΝ
638 449 801 504 ntsstuttt
831 445 962 502 hostili.
1248 449 1279 500 95

61 557 106 615 het
129 561 254 613 montem
280 553 360 625 Sion,
388 559 416 610 et
434 555 576 626 dependet
600 557 636 614 ab
665 558 667 612 i
692 555 777 612 tertia
791 555 866 611 enim
879 553 925 610 die
939 557 1152 610 resurrecturus
1166 557 1238 610 eret.
1260 573 1273 608 n

58 627 114 702 ipso
132 628 193 700 ejus
217 625 337 684 latitudo
361 633 463 684 contra
480 627 636 700 Orientem,
664 654 667 697 q
693 629 772 684 Unde
800 632 828 683 et
853 629 1059 696 Hieronymus:
1077 643 1091 678 o
1113 627 1172 682 um
1192 631 1274 682 aceto

58 716 142 772 usque
157 699 193 757 ad
205 703 362 756 torrentem
375 699 497 767 cedron,
508 700 635 756 sinevat-
691 715 792 756 succus
811 697 925 755 lethalis
944 695 1020 770 pomi
1041 695 1228 768 abstergitur3
1247 701 1275 752 et

58 771 108 828 lem
126 772 272 843 iosaphat.
288 770 365 828 Situs
380 787 449 843 ergo
463 769 585 828 civitatis
599 773 636 830 ab
690 787 748 828 nnn
763 772 873 842 aceepit
883 769 911 826 id
927 785 978 842 pro
993 785 1050 842 quc
1064 767 1181 842 patitur,
1197 769 1275 826 unde

55 845 152 900 Austro
168 849 209 900 est
226 843 363 912 elevatus,
379 842 513 900 similiter
525 859 578 915 per
591 848 635 900 to·
663 880 666 943 Ι
690 843 726 900 de
744 859 777 900 eo
795 842 899 899 dicitur
913 859 922 896 .·
937 842 1002 909 Qua
1015 857 1070 896 non
1094 844 1188 911 rapui,
1208 847 1274 898 tune

56 919 111 971 tum
135 916 209 972 lutus
237 913 417 984 Occidentis;
447 920 475 972 et
506 914 537 972 iu
556 919 636 985 parte
663 960 665 1004 ι
690 915 873 972 essotuetoam.
887 915 1018 970 »Vinum
1032 913 1273 984 myrrhatumlio-

55 986 175 1043 Orientis
189 985 307 1044 omnino
322 990 368 1042 est
379 986 533 1056 demissus,
549 987 591 1044 ita
606 992 637 1045 ut
663 1010 665 1057 q
689 986 768 1044 mino
782 985 927 1070 propinat,
942 984 989 1056 qui
1003 985 1129 1042 haereses
1144 984 1198 1040 sub
1213 985 1275 1054 nat·

55 1060 150 1115 sordes
164 1057 300 1127 civitatis,
320 1062 449 1130 tempore
464 1058 577 1132 pluvia,
592 1060 638 1116 de·
662 1064 664 1109 t
689 1058 728 1114 tio
736 1057 864 1116 venstatis
875 1058 1094 1125 docet3ecetum
1106 1059 1200 1113 nartem
1211 1071 1275 1112 curn

55 1131 186 1188 scendunt
206 1145 260 1204 per
283 1135 396 1202 portam
422 1130 595 1204 sterquilinii
606 1131 634 1188 in
662 1142 664 1219 g
688 1130 755 1186 telle
776 1129 894 1186 mixtum
916 1130 1037 1184 Domino
1058 1127 1201 1210 propinat,
1224 1128 1272 1198 qui

55 1203 206 1258 torrentem
225 1203 347 1260 cedron.
688 1201 812 1258 demate
827 1199 972 1274 acquisitis
987 1201 1107 1256 Domino
1120 1198 1274 1258 sacrificat.

88 1275 217 1332 diturus
242 1275 362 1331 Gunrsro
380 1291 466 1332 muns
481 1291 533 1332 suu
550 1291 633 1333 renus
689 1275 747 1330 linc
769 1273 855 1330 etiam
879 1271 963 1340 tacit,
985 1270 1035 1354 qui
1059 1273 1189 1328 memhra
1212 1271 1275 1343 ejus

688 1343 928 1402 amaritudinibus
944 1342 1056 1414 alligit.
1075 1345 1108 1400 Et
1124 1342 1275 1400 universa·

53 1419 136 1474 rarius
152 1417 248 1474 malos
265 1417 391 1490 undique
413 1419 546 1490 nequiter
562 1435 632 1492 npe-
687 1417 753 1474 liter
767 1416 864 1474 viuum
876 1415 1063 1488 myrrhatum,
1074 1415 1117 1472 vel
1132 1430 1196 1471 curn
1208 1414 1273 1471 iellc

53 1487 116 1545 rari.
133 1491 249 1546 intuere
265 1489 417 1561 diligenter
429 1489 552 1562 singula,
567 1508 631 1563 quae
686 1491 816 1558 mixtum,
834 1495 877 1545 est
897 1489 1006 1544 honum
1025 1501 1096 1570 olous
1110 1503 1175 1543 cum
1189 1487 1274 1558 culpa

53 1561 119 1642 liunt
131 1568 234 1618 contra
248 1563 401 1619 Dominum
416 1569 506 1632 tuum,
522 1567 551 1618 et
566 1579 630 1634 quae
660 1587 662 1641 q
686 1562 801 1622 tactum.
814 1560 882 1632 quie
896 1559 1121 1616 sicutmodrcum
1137 1559 1272 1630 myrrhae,

54 1631 197 1703 dicuntum
212 1636 246 1690 et
272 1647 335 1704 quae
356 1635 430 1690 dunt
455 1635 491 1691 ab
513 1633 586 1707 ipso,
602 1640 631 1692 et
659 1656 661 1713 t
685 1633 731 1689 vel
751 1631 836 1700 settis,
857 1633 962 1689 honum
982 1630 1080 1687 vinum
1099 1629 1270 1700 corrumpit3

54 1705 212 1776 peripsum,
228 1705 315 1762 ethis
329 1705 503 1763 tommentis
516 1705 630 1764 intuitui
659 1727 661 1771 t
685 1705 726 1761 sic
749 1703 893 1761 modicum
914 1704 1004 1775 culpae
1027 1701 1157 1758 mortalis
1181 1705 1272 1758 tntum

52 1775 143 1858 erhihe
162 1781 190 1834 te
211 1783 400 1850 praesentem.
417 1779 520 1834 Videas
541 1777 630 1850 igitur
684 1777 791 1834 honum
806 1792 878 1848 opus
892 1775 1023 1833 destruit.

53 1847 333 1931 ncutrsmeutisalios
348 1847 629 1908 cumvidisscnteum
719 1853 738 1918 t
767 1850 911 1906 Secumrm
936 1848 1047 1905 Cnnrsrr
1068 1863 1138 1903 unna
1157 1863 1271 1915 cuncus,

53 1918 281 1991 fatigatumsrhi
308 1922 402 1978 adhue
427 1920 549 1978 irridere
566 1940 574 1978 ι
593 1926 630 1980 Et
684 1937 847 1978 nocnneurs
860 1937 895 1976 ux
907 1937 952 1987 rs,
969 1935 1053 1976 serus
1068 1935 1272 1974 consenuerin-

52 1991 149 2048 dutont
171 1996 196 2049 ei
224 1993 426 2048 hibmeniaum
444 1996 629 2064 myrrhatum,
684 2009 729 2048 rus
751 2009 783 2047 sr
805 2009 914 2048 culmo.
933 1990 1037 2048 Videas
1058 1995 1087 2047 et
1104 1989 1271 2060 aliosque·-

52 2061 104 2142 sire
117 2079 180 2122 cum
193 2063 447 2134 feltemietum,in
466 2066 521 2122 hoc
543 2067 629 2124 etiam
685 2079 741 2136 que
762 2064 799 2120 ad
822 2065 876 2120 hoc
901 2079 972 2136 opus
995 2061 1155 2118 necessaria
1177 2061 1271 2130 disno-

50 2133 177 2192 rnteriora
188 2135 349 2193 dulcissimi
364 2135 477 2192 Domini
491 2137 630 2196 amarica-
685 2151 766 2204 uere,
782 2141 810 2192 et
824 2134 896 2192 alios
908 2136 1001 2208 ipsum
1013 2133 1146 2206 spoliare.
1163 2133 1272 2204 Spolia·

52 2209 217 2278 rescientes,
227 2213 258 2265 et
266 2224 346 2266 suam
355 2207 575 2266 amaritudinem
583 2210 631 2267 de·
683 2208 837 2278 turitaque
845 2206 903 2264 suis
911 2204 1049 2272 uestibus,
1063 2210 1092 2260 et
1104 2203 1140 2260 ad
1152 2203 1271 2276 pudoris

51 2277 192 2338 rlarautcs.
208 2284 249 2337 Et
261 2280 316 2337 hoc
330 2281 426 2337 vinum
439 2282 627 2354 myrrhatum,
684 2281 839 2336 tumultum
852 2278 937 2334 etiam
951 2276 1146 2345 femoralibus,
1159 2280 1189 2331 ut
1202 2291 1271 2331 rcri-

52 2352 198 2408 secuudum
211 2353 393 2421 matthaeum,
405 2369 465 2408 cum
479 2359 628 2426 qustosset,
683 2351 719 2407 tis
732 2355 760 2407 et
779 2350 878 2422 trigeri
898 2354 1055 2422 exponatur
1074 2347 1175 2404 nudus.
1193 2348 1270 2418 Spo-

52 2422 135 2478 nntuit
153 2423 257 2492 atoue,
278 2423 355 2494 quia,
370 2427 402 2480 ut
422 2423 491 2480 dicit
509 2427 628 2496 Chryso·
683 2421 770 2480 liatur
782 2431 877 2479 autem
892 2437 956 2479 cum
974 2418 1095 2478 maximo
1114 2419 1224 2490 dolere,
1242 2423 1271 2476 et

52 2497 156 2564 stamus,
170 2495 245 2553 nihil
272 2495 361 2552 distat
386 2494 555 2568 simpliciter
575 2513 626 2570 gu·
682 2503 858 2551 renovantur
874 2493 904 2550 in
919 2511 952 2550 en
966 2493 1117 2560 fracturae3
1133 2489 1200 2562 quia
1216 2507 1270 2546 ve-

55 1362 159 1402 urxruu.
174 1376 210 1388 -
225 1347 306 1403 Nunc
325 1362 394 1418 ergo
409 1346 540 1419 conspice
562 1363 631 1421 ope·

659 1978 661 1987 u

52 2567 129 2634 stare,
144 2573 171 2623 ct
188 2583 251 2623 non
267 2565 385 2634 hibere;
402 2573 551 2624 sedunum
563 2568 627 2640 qni·

52 2633 109 2691 dem
125 2641 151 2694 et
164 2637 245 2696 idem
260 2637 433 2712 significant.
455 2642 492 2696 ut
520 2655 627 2697 secun-

51 2705 111 2789 dum
124 2710 264 2781 ltarcum,
277 2727 332 2766 non
344 2713 459 2782 occepit,
473 2682 502 2766 id
517 2718 627 2768 estnon

50 2775 125 2850 brhrt,
140 2782 183 2840 rel
202 2798 265 2840 non
279 2781 387 2840 scilicet
401 2783 527 2854 perfecte
538 2787 570 2840 ut
586 2783 627 2841 hi·

51 2847 137 2932 burch
155 2853 235 2928 quod
248 2853 325 2910 enim
340 2859 489 2927 gustamus
507 2869 567 2911 non
582 2871 626 2912 ac·

50 2935 173 2996 cipimus,
188 2925 259 2999 quia
273 2941 332 2982 uon
344 2923 503 2998 trajicimus
513 2926 584 2984 illud
597 2926 626 2983 in

50 3008 155 3066 cornus,
167 2999 220 3055 sed
235 2996 494 3070 statimrejicimus.
509 2997 626 3070 Aliquid

50 3069 228 3143 ergoacccpit
241 3069 277 3126 ad
287 3069 459 3140 gustandum
469 3071 625 3144 modicum,

50 3139 82 3218 nt¹
98 3143 172 3220 quod
196 3143 254 3198 scri
276 3145 336 3197 tum
355 3145 418 3197 crat
446 3141 624 3213 impteretur,

49 3209 149 3268 scilicet
163 3229 171 3269 ε
187 3217 226 3270 Et
263 3213 378 3269 ederunt
392 3216 423 3268 in
437 3228 525 3269 escum
538 3230 626 3270 meum

49 3281 94 3348 tet,
112 3287 136 3339 et
153 3287 183 3341 in
197 3287 324 3342 sitimus
343 3289 511 3358 putauerunt
531 3301 574 3340 me
588 3303 626 3342 a·

51 3357 101 3408 ceto
110 3373 122 3436 ςι
133 3359 161 3412 et
174 3355 319 3428 quiaillud
333 3356 411 3430 quod
421 3355 625 3427 modicumest,

51 3435 122 3492 quasi
138 3427 210 3484 nihil
228 3432 387 3501 reputatur,
403 3427 469 3486 ideo
487 3429 544 3485 hoc
559 3427 628 3486 dici-

49 3495 91 3550 tur
102 3499 176 3568 quod
186 3516 243 3556 nou
256 3503 372 3572 aceepit,
388 3499 497 3556 scilicet
509 3501 546 3556 ad
560 3515 625 3572 per-

50 3563 115 3650 tecte
126 3569 295 3638 bibendum,
309 3570 377 3645 quia
391 3571 503 3628 ielteam
519 3571 625 3628 amari·

48 3637 171 3698 tudmem
184 3641 351 3700 hominihus
366 3641 458 3699 dulcis
482 3647 511 3699 et
530 3649 625 3700 rectus

49 3707 180 3770 Dominus
201 3729 360 3798 numquam
379 3713 546 3787 acceptarit.
563 3715 625 3784 Vel,

48 3793 103 3837 cum
118 3789 268 3858 erutosset,
282 3786 312 3843 rd
327 3792 370 3843 est
383 3788 426 3843 ori
436 3785 624 3860 apposuisset,

48 3853 132 3910 notuit
151 3857 252 3926 hibere
270 3863 389 3930 propter
411 3857 468 3915 duo
489 3875 496 3914 :
515 3857 624 3930 primo,

49 3925 74 3977 ut
88 3927 286 3987 ostenderetur
309 3927 447 4004 iniquitas
471 3929 557 3986 talem
571 3945 626 4002 pn·

46 3997 102 4076 tutu
118 4000 352 4072 propinantium
374 4001 510 4070 secundo,
531 4005 562 4057 ut
585 4000 625 4058 si-

48 4067 228 4148 grrncaretur
241 4071 378 4130 velocitas
398 4071 626 4130 Resurrectinuis

48 4151 140 4216 rqsms.
165 4143 243 4201 Unde
269 4145 418 4214 tireqerius
437 4163 444 4204 :
463 4165 478 4197 u
497 4143 626 4201 Gustavit

47 4219 148 4288 tinum,
169 4215 219 4271 sed
236 4215 329 4273 uoluit
343 4215 453 4287 bibere,
469 4215 536 4288 quia
549 4231 624 4272 mor·

50 4279 83 4334 trs
99 4285 336 4358 amaritudinem,
361 4304 447 4362 quam
461 4291 626 4360 gustaturus

49 4354 104 4431 urat
119 4364 353 4418 momentaneam
367 4365 395 4418 et
407 4361 463 4418 cito
480 4359 511 4416 in
526 4359 625 4418 dulce·

53 4421 143 4485 dtuem
172 4433 395 4492 concertandam
423 4431 624 4507 significabat;

682 2565 734 2623 stis
751 2565 871 2623 interior
897 2570 1014 2638 propter
1028 2561 1198 2636 sauguinem
1218 2565 1269 2619 lla-

681 2637 842 2708 getlationis
869 2608 981 2694 inutiler
1002 2634 1116 2709 corpori
1139 2635 1269 2691 adlicere·

681 2709 740 2766 hat.
757 2713 790 2766 Et
802 2715 869 2766 tune
879 2725 983 2782 corpus
997 2709 1068 2779 ejus,
1081 2715 1139 2764 tam
1152 2707 1270 2778 elegan-

680 2785 726 2838 ter
736 2781 1043 2854 iormatum,apparuit
1057 2783 1150 2836 totum
1160 2795 1270 2835 cruen-

682 2857 773 2910 tatum
789 2861 817 2910 et
833 2852 972 2909 livoribus
988 2851 1140 2933 repletum.
1157 2850 1270 2931 lu'hnc·

682 2924 780 2996 etiam,
796 2925 930 2996 apparuit
948 2921 1094 2980 Passionis
1112 2921 1174 2993 ejus
1190 2937 1270 2993 igno-

682 2994 784 3065 minia,
800 2995 876 3068 quod
905 2995 998 3052 nudus
1028 3000 1072 3050 est
1098 2991 1268 3062 crucifixum

681 3067 749 3139 quia
764 3068 818 3124 hoc
829 3083 889 3124 uon
899 3067 932 3122 tn
942 3065 998 3122 nisi
1008 3065 1140 3137 personis
1150 3063 1270 3136 abjectis

682 3143 710 3195 et
724 3137 836 3196 vilibus.
855 3139 876 3195 0
892 3145 1017 3210 quantus
1031 3137 1115 3192 dolor
1126 3141 1189 3192 erat
1203 3133 1269 3204 tibi,

681 3213 772 3267 Meter
795 3209 988 3278 sanctissima,
1009 3223 1073 3264 cum
1097 3206 1191 3264 ocutis
1211 3205 1268 3263 tuis

681 3281 824 3352 aspiceres
834 3280 903 3338 istat
917 3283 998 3336 Nunc
1011 3277 1090 3335 enirn
1099 3277 1192 3350 primo
1204 3293 1270 3334 cou-

681 3353 806 3428 spiciens
822 3355 913 3410 llater
926 3367 979 3408 sua
994 3350 1095 3408 Filium
1109 3347 1151 3405 sic
1168 3347 1270 3405 vulne-

680 3432 776 3483 ratum
796 3431 825 3482 et
844 3422 1024 3496 dispositum,
1045 3421 1146 3478 dolore
1165 3419 1270 3477 mentis
1282 3479 1299 3504 ⁸

681 3497 771 3554 nimio
787 3495 938 3567 attligitur.
955 3494 1097 3552 tristatur
1110 3499 1207 3550 autem
1221 3508 1268 3550 su·

680 3585 734 3642 pra
748 3569 876 3638 modum,
891 3568 960 3640 quie
978 3583 1046 3624 eum
1061 3565 1140 3622 videt
1153 3567 1195 3621 sic
1208 3581 1268 3620 nu-

682 3644 791 3698 datum.
806 3641 955 3698 Accelerat
967 3638 1056 3712 igitur
1071 3639 1172 3706 Mater,
1183 3641 1212 3692 et
1226 3635 1270 3692 Fi-

681 3711 720 3769 lio
745 3729 797 3770 suo
821 3709 1012 3795 approximat,
1027 3726 1062 3766 ac
1083 3709 1146 3766 velo
1169 3706 1270 3778 capitis

682 3783 725 3841 sui
741 3799 807 3841 eum
823 3783 915 3858 emgit
929 3787 959 3839 et
972 3781 1094 3838 vetattt
1113 3779 1144 3836 iu
1160 3784 1269 3851 quanta

681 3854 875 3913 amaritudine
902 3858 947 3912 est
971 3869 1047 3909 nunc
1075 3851 1172 3908 anima
1196 3851 1265 3908 suat

681 3929 743 3984 Nou
762 3927 849 3984 credo
869 3925 946 3998 qnod
965 3925 1084 3981 verbum
1104 3923 1197 3980 iacere
1216 3937 1266 3993 po-

681 4000 793 4056 tuisset.
812 3999 914 4054 Ditiert
937 4001 1034 4053 autem
1052 3995 1104 4051 iste
1127 3993 1267 4052 articulus

682 4068 899 4142 exspoliationis
910 4068 946 4126 ab
956 4066 1077 4124 articulo
1088 4064 1268 4123 exutionisin

682 4140 894 4212 flagellationc3
911 4139 979 4212 quia
999 4138 1038 4195 ihi
1063 4139 1220 4196 cruebatur
1239 4137 1267 4193 iu

682 4213 818 4286 praetorio
834 4228 930 4270 coram
947 4211 1072 4267 Praesidc
1087 4215 1116 4266 et
1135 4208 1193 4266 suis
1208 4207 1265 4264 mi-

682 4284 790 4356 nistris,
808 4284 855 4342 hic
874 4289 970 4342 autem
986 4282 1017 4338 in
1036 4281 1150 4354 publico
1170 4293 1268 4335 coram

681 4355 760 4415 omni
789 4357 912 4488 poiu¹⁰3
942 4354 1022 4422 item,
1045 4352 1085 4410 ihi
1110 4351 1269 4409 exuebatur

681 4429 822 4488 reinduen
844 4445 888 4502 us,
912 4426 960 4485 hic
985 4429 1082 4484 autem
1111 4435 1268 4496 numquam
