3124 5038
255 386 411 449 onououo
442 383 514 436 nou.
545 379 676 432 ¹cuiun.
709 373 827 430 nisctr.
857 374 1159 434 maturarimus
1188 375 1283 427 runs.
1339 377 1384 428 cia

148 495 286 568 optimum
307 491 471 562 tbeotogum
494 486 646 542 ostendit:
668 498 734 539 uaiu

147 565 289 638 duplicem
305 571 436 620 naturam
456 557 625 628 unicamque
641 558 734 630 bypo-

148 643 248 695 stasim
268 638 368 694 Christi
384 633 546 691 edisseruit.
562 651 577 681 o
597 632 651 686 Nos
665 643 734 697 ergo

148 709 321 768 consolando
334 707 477 779 subjunxit
491 702 644 758 ttominus:
659 701 736 756 flenti

148 784 199 854 qui
210 797 265 838 nou
275 781 403 836 ciderunt
417 784 442 832 et
453 775 637 832 erediderunt.
657 771 735 828 Unde

149 854 191 911 sie
210 855 278 909 dicit
306 852 453 920 Gregorius
475 867 515 904 :ii
536 845 670 902 Laetificat
690 859 737 899 au·

150 931 208 984 tent
224 924 306 982 vaide
320 922 397 995 quod
416 919 544 990 sequitur
563 935 570 973 :
590 919 668 974 Beati·
689 916 738 986 qui·

150 1014 206 1055 non
224 999 353 1052 atterunt
379 999 405 1050 et
424 991 610 1057 crediderunt,
629 988 658 1044 in
681 1001 737 1060 qua

152 1067 294 1126 sententia
314 1083 364 1124 uos
386 1063 546 1134 specialiter
572 1058 675 1129 signati
692 1074 737 1114 su-

154 1138 440 1211 mus,quieumquom
451 1150 538 1193 carue
551 1149 607 1190 non
618 1130 739 1188 vidImus

155 1219 250 1269 mente
262 1224 399 1278 tenemus,
409 1212 431 1265 si
443 1208 529 1264 tidem
540 1211 665 1262 niustram
676 1218 739 1274 ope·

155 1286 236 1342 ribus
246 1285 404 1356 sequimur;
418 1280 466 1336 itte
476 1278 551 1337 euim
562 1293 628 1335 vere
640 1277 739 1342 eredit,

155 1359 203 1428 qui
217 1361 328 1412 exercet
343 1353 488 1426 operando
505 1351 580 1423 quod
596 1347 686 1405 credit
702 1364 708 1402 :
725 1366 739 1396 o

155 1419 741 1497 haecUrepori'usUebisautemqoitidem

156 1502 272 1556 nomine
290 1505 372 1556 tenus
388 1498 512 1553 retinent
528 1495 630 1550 Paulus
648 1490 740 1548 dicit:

157 1573 323 1644 Confitentur
331 1585 359 1626 ee
369 1585 447 1625 nosse
456 1571 547 1625 Deum.
557 1567 641 1633 sactis
654 1570 743 1619 autem

157 1649 273 1710 nepueu
290 1647 319 1698 et
329 1643 472 1700 Jacobiis:
489 1639 566 1694 didos
579 1639 638 1694 siue
652 1637 743 1708 opeio'-

160 1717 210 1771 bus
233 1721 341 1771 mortuo
365 1718 414 1770 ost.
436 1713 505 1768 Cum
529 1725 607 1780 ergo,
628 1715 659 1765 ut
677 1705 746 1762 dicit

160 1789 377 1857 chrysostomus,
387 1785 489 1866 aliquis
500 1781 539 1839 sie
550 1783 603 1838 isto
619 1786 745 1850 tompore

160 1859 283 1916 dixerit:
303 1859 410 1914 utinam
435 1873 463 1911 in
489 1852 663 1924 tenporibus
689 1851 745 1908 titis

159 1923 747 1988 tuissemetvidissemeristummiracuta

161 2002 326 2060 tacieutcmi
344 2006 411 2057 tuuc
430 1999 590 2068 excogitet:
606 1999 684 2052 ttcutc'
698 1997 746 2066 qni·

160 2091 215 2132 nort
236 2075 375 2142 ciderunt,
397 2077 423 2128 et
449 2070 633 2127 erediderunt.
652 2065 746 2128 Poiuti

161 2153 257 2205 autem
276 2161 338 2202 esse
357 2143 432 2216 quiid
448 2147 510 2213 post
529 2137 747 2206 contessionem,

163 2235 222 2348 zita
238 2219 362 2275 Thomas
376 2214 444 2272 dinit
461 2233 467 2270 :
489 2215 620 2270 Dominus
635 2228 708 2268 meus
723 2217 748 2265 et

189 2305 236 2346 eus
250 2305 336 2350 meus.
354 2290 487 2344 Dominus
503 2287 584 2352 iesus
601 2284 749 2340 inscitiane

164 2361 266 2419 dixerit
290 2378 297 2418 :
322 2361 425 2428 Accipe
448 2357 583 2432 Spiritum
603 2357 748 2422 Sanctum,

164 2448 285 2506 quorum
300 2433 444 2488 remiseris
464 2435 587 2500 peccata,
604 2434 670 2496 etc,
686 2427 750 2482 beet

163 2507 218 2562 boc
234 2521 288 2562 nou
302 2505 378 2560 dicat
392 2501 587 2574 Evangeiistn3
601 2499 668 2571 qiiia
682 2500 751 2554 iiiut·

165 2583 195 2634 to
210 2577 321 2648 quidem
334 2581 360 2632 et
379 2577 440 2630 utin
452 2577 534 2642 stunc
550 2575 617 2640 fecit
630 2571 708 2627 tosus
721 2573 751 2626 in

164 2653 307 2721 conspectu
326 2647 524 2719 discipulorum
546 2660 672 2711 suorum,
693 2659 752 2714 que

164 2737 220 2778 non
242 2725 305 2777 suut
327 2721 432 2790 scripto
450 2720 480 2773 in
503 2717 573 2773 libro
592 2718 649 2772 boc.
674 2713 752 2771 Unde

165 2793 227 2866 ipse
244 2791 290 2864 nni
307 2793 438 2848 virtuiem
459 2805 541 2846 suam
557 2805 613 2844 non
627 2785 753 2858 atligaiit

167 2862 363 2932 sacramentis,
377 2860 469 2946 potuit
484 2860 545 2916 sine
560 2863 641 2932 signo
661 2857 753 2915 sensi·

167 2935 216 2995 biii
231 2940 298 2993 dare
319 2935 453 3006 Spiritum
473 2934 618 2998 Sanctum,
634 2937 662 2987 et
681 2946 753 2986 cou-

166 3007 275 3066 terreei
284 3010 500 3076 potestatemet
508 3004 637 3060 ordinem
648 3001 754 3074 episco-

166 3081 270 3154 paicm.
284 3077 536 3140 Namcredeudum
545 3076 680 3147 est,quod
689 3088 754 3131 eum

167 3152 239 3210 sieut
250 3151 320 3209 alios
333 3153 500 3222 Episcopum
514 3146 665 3204 ordinavit.

203 3229 219 3293 t
244 3226 301 3282 Con
326 3225 427 3280 Troice
455 3237 596 3278 enarrarre
627 3235 757 3276 renuisse

167 3295 286 3354 runnu?
303 3295 467 3352 -ittteude
479 3293 525 3349 hic
545 3292 618 3366 quod
631 3292 757 3348 Christus

168 3371 284 3426 Thema
309 3365 450 3440 apparuit,
475 3365 588 3437 quando
608 3363 636 3420 in
660 3379 757 3421 errore

168 3441 239 3507 tuit;
255 3439 284 3496 iu
301 3453 357 3512 quo
370 3453 474 3509 magna
489 3435 591 3493 Christi
605 3436 696 3508 pietas
711 3451 756 3492 os-

168 3511 312 3580 tenditur,
338 3510 387 3582 qui
411 3517 527 3581 propter
550 3525 639 3566 uuuni
666 3510 758 3565 sotum

169 3584 254 3641 veuit.
269 3583 349 3640 Unde
365 3583 570 3652 chrysostomus
581 3599 589 3636 ε
602 3603 616 3632 o
627 3579 758 3638 Conside-

169 3673 204 3714 ra
219 3653 411 3714 Uomiiiatoris
432 3651 623 3718 clementiam,
637 3651 759 3724 qualiter

169 3731 316 3800 etiampro
329 3724 488 3783 unaanima
500 3724 622 3780 ostendit
634 3723 759 3796 seipsum

169 3801 287 3858 rutuere
297 3799 461 3865 habentem,
471 3801 499 3852 et
509 3795 619 3852 aceedit
629 3801 659 3852 ut
670 3796 759 3851 salvet

169 3887 268 3930 unum.
285 3892 298 3924 o
315 3872 372 3928 Hoc
387 3875 483 3926 autem
499 3867 535 3924 de
547 3869 661 3924 Tbomae
676 3868 758 3924 dnbi-

170 3947 278 4000 tatione
293 3939 502 4014 dispensatorie
518 3937 690 4013 permissum
705 3945 758 4002 est,

170 4020 201 4072 ut
220 4013 443 4072 evidentioribus
462 4011 639 4084 argumentis
659 4013 759 4068 Resur-

169 4087 258 4145 rectio
274 4087 384 4144 Uomiui
400 4087 585 4158 probaretur3
604 4082 668 4140 ideo
684 4082 760 4139 enim

169 4159 331 4217 dubitatum
347 4161 390 4214 est
409 4159 444 4214 ab
461 4156 520 4227 itio,
538 4172 573 4212 ue
587 4155 762 4212 dubitatura

170 4231 263 4289 nobis.
288 4231 367 4287 Unde
389 4229 561 4298 Gregorius:
580 4250 593 4280 o
614 4229 675 4284 Nou
694 4243 762 4284 casu

170 4307 220 4363 sed
236 4303 342 4360 divine
358 4299 471 4372 pietatis
489 4299 532 4357 dis
553 4297 703 4356 ensatione
718 4315 761 4370 ge·

170 4315 762 4444 stumestutitteetectusifisciputustuno

789 489 911 554 deesset,
938 487 998 560 qui.
1024 488 1122 546 audita
1148 490 1379 562 Resurrectioue,

789 560 942 624 dubitaret,
961 559 1093 617 dubitans
1112 563 1249 632 piioaret,
1264 569 1292 620 et
1311 562 1379 632 pal-

790 648 861 704 pans
881 631 1028 690 crederet:
1045 637 1075 688 ut
1089 649 1106 689 a
1122 634 1226 690 nostris
1246 635 1379 692 cordibus

790 720 903 762 omnem
931 703 1136 761 domuitionem
1164 708 1325 778 expelleret,
1351 710 1379 764 et

791 777 856 834 dum
869 776 896 832 iu
909 776 1042 848 bt-igistro
1057 793 1106 833 sui
1121 777 1236 834 vulnera
1252 779 1380 850 paiziaret

791 848 895 916 carnis,
911 847 938 904 in
954 847 1036 904 nobis
1052 849 1168 906 iutnera
1185 857 1299 907 sanaret
1314 851 1380 906 inb-

792 919 925 978 deiiiatis.
941 921 1006 976 Plus
1023 918 1141 978 enimin
1159 923 1238 978 nobb
1253 920 1380 980 incredu-

792 992 1381 1064 litasTbomae.quamatiorumcreduiitas

793 1064 829 1121 ad
845 1065 929 1122 fidem
945 1064 1064 1136 protuit3
1081 1063 1225 1136 quiadum
1240 1064 1287 1123 ille
1301 1069 1335 1124 ad
1350 1065 1381 1124 tl·

793 1135 1013 1216 demjpatpando
1024 1136 1262 1206 redu-tineaene
1273 1146 1380 1202 nostra.

794 1225 870 1266 omui
890 1207 1069 1266 dubitatione
1092 1208 1258 1282 postpositi,
1283 1209 1312 1266 in
1330 1209 1385 1268 ndo

795 1281 867 1338 solid
877 1285 947 1350 itur3
958 1287 986 1337 et
997 1281 1153 1338 noneolum
1164 1286 1288 1340 nostram
1298 1282 1384 1340 tidem

796 1352 953 1420 roboravit,
965 1354 1012 1409 sed
1024 1355 1108 1409 etiam
1125 1353 1323 1412 hereticorum
1339 1369 1383 1411 er·

796 1441 901 1486 rorem.
917 1424 1072 1481 dicentium
1091 1427 1188 1482 Jesuiu
1205 1443 1302 1484 verum
1322 1442 1385 1482 cor·

798 1513 852 1570 pus
867 1513 922 1552 uun
941 1495 1083 1556 babuisse.
1103 1496 1250 1552 exctusitm
1262 1497 1342 1554 Unde
1357 1499 1386 1554 et

799 1571 849 1626 beo
861 1569 956 1632 Papa:
972 1591 981 1616 ι
996 1567 1114 1626 Subecit
1124 1569 1238 1625 Tbomae
1254 1569 1287 1626 ad
1300 1568 1387 1626 tidem

800 1643 943 1712 propriam
967 1639 1068 1696 ciuisse
1093 1640 1168 1711 quod
1190 1640 1316 1708 viderat;
1337 1637 1388 1697 sed
1433 1665 1437 1671 ·

800 1712 882 1770 nobis
896 1717 1028 1784 operatus
1047 1717 1100 1781 est,
1118 1717 1146 1767 ut
1164 1717 1294 1786 tangeret
1311 1710 1389 1784 quod

801 1785 923 1841 videbat.
944 1805 958 1834 o
974 1784 1053 1842 Unde
1072 1783 1174 1842 iterum
1192 1785 1338 1852 Gregorius
1354 1783 1389 1842 do

801 1857 889 1930 ipsius
903 1859 1017 1912 't'bomie
1032 1862 1058 1911 et
1071 1857 1191 1914 eborum
1208 1857 1294 1914 etiam
1308 1855 1390 1914 disci·

801 1930 932 2002 pictorum
943 1927 1116 1985 dubitatione
1126 1928 1242 1986 sieiticit
1257 1947 1264 1986 :
1278 1949 1291 1980 ii
1309 1926 1391 1997 Quod

805 2000 1052 2058 Resurrectionem
1067 1999 1243 2058 Uomiuicam
1261 1996 1392 2062 discipuli

802 2074 883 2129 tarde
907 2070 1102 2140 erediderunt,
1126 2079 1258 2130 nontam
1280 2072 1392 2128 iliorum

803 2143 956 2201 infirmitas
971 2159 1058 2212 uuam
1072 2151 1178 2210 nostra,
1191 2152 1220 2201 ut
1232 2143 1272 2201 ita
1287 2143 1391 2212 dicam,

804 2215 925 2274 firmitas
944 2215 1005 2272 tuit.
1028 2218 1090 2282 tpsa
1108 2232 1230 2288 namque
1251 2217 1392 2274 Resurre-

805 2289 871 2356 ctio,
883 2287 940 2343 tttts
953 2286 1160 2358 dubitantibus,
1176 2305 1226 2356 per
1242 2289 1330 2344 motta
1344 2303 1392 2344 ar·

805 2365 940 2436 gumeuta
964 2365 1122 2416 monstrata
1146 2367 1199 2430 est,
1220 2377 1304 2431 quam
1324 2359 1393 2416 dum

807 2450 858 2490 nos
875 2435 1002 2494 legentes
1019 2431 1209 2504 agnoscimus,
1227 2431 1295 2504 quid
1315 2429 1393 2488 atiud

807 2519 892 2577 quam
912 2505 947 2560 de
965 2520 1065 2562 eorum
1087 2503 1264 2562 dubitatione
1288 2503 1395 2562 solida-

807 2577 891 2633 murt
906 2575 998 2633 btinus
1012 2575 1088 2634 euim
1102 2576 1171 2634 mihi
1185 2576 1272 2634 bieria
1284 2575 1395 2633 Marda-

807 2649 873 2705 leua
899 2647 1040 2717 prestitit,
1065 2665 1128 2720 quae
1156 2649 1239 2706 citius
1264 2649 1395 2717 credidit,

808 2736 893 2802 quam
905 2722 1039 2778 Thomas.
1051 2719 1100 2792 qui
1116 2719 1163 2777 ‹tiu
1177 2720 1330 2786 dubitarim
1347 2720 1396 2778 itte

808 2798 913 2847 etenim
927 2792 1073 2848 uulnerum
1094 2791 1239 2848 cicatrices
1253 2792 1355 2861 tetigit,
1370 2797 1398 2848 et

808 2864 844 2920 de
868 2868 964 2918 nostro
986 2873 1099 2932 pectore
1122 2863 1275 2920 dubietatis
1295 2864 1397 2921 uulnus

809 2933 965 3004 amputarit
981 2950 988 2989 :
1005 2955 1019 2984 o
1036 2935 1096 2991 haec
1113 2935 1270 3004 Gregorius.
1412 2969 1415 2974 ·

846 3007 971 3062 stoico
993 3023 1083 3064 cause
1102 3025 1222 3064 ruorren
1237 3024 1305 3070 ouis
1325 3025 1397 3066 eice·

810 3095 901 3161 rnices
911 3095 1056 3137 votscnuu
1067 3079 1199 3138 Cunisros
1213 3097 1347 3138 nermuir.
1365 3109 1398 3122 -

811 3150 1032 3218 Uispemitioub
1051 3157 1147 3208 autom
1170 3151 1272 3224 gratia,
1291 3168 1347 3209 nou
1366 3167 1400 3208 ex

812 3220 930 3278 curandi
940 3223 1105 3292 impotentia
1114 3223 1260 3291 Dominus,
1269 3225 1316 3294 qui
1329 3239 1401 3280 inoc-

812 3293 847 3350 tis
861 3293 1106 3377 reguadestruxit,
1118 3295 1199 3368 sigua
1214 3294 1311 3352 morib
1325 3294 1400 3351 dete·

813 3383 844 3424 re
856 3368 956 3434 notuit,
967 3366 1018 3424 sed
1030 3367 1156 3438 pluribus
1171 3370 1204 3424 de
1215 3365 1308 3424 causis
1317 3364 1400 3424 vesti·

813 3437 860 3510 gia
872 3437 1024 3500 Passionis.
1036 3439 1142 3496 sciiicet
1152 3438 1298 3496 cicatrices
1308 3438 1402 3495 vuine-

814 3527 877 3568 rum
902 3510 930 3568 iu
954 3527 1073 3584 corpore
1098 3511 1163 3569 beet
1181 3509 1401 3579 incorruptibili,

815 3585 979 3641 reservavit.
999 3615 1030 3625 -
1047 3583 1153 3652 Primo,
1168 3583 1204 3640 ad
1219 3582 1403 3640 astruendam

814 3661 842 3713 et
856 3655 1033 3727 prob-indam
1048 3655 1308 3723 Resurrectionem,
1320 3669 1403 3712 acre-

815 3727 993 3784 tormindam
1013 3735 1043 3784 et
1060 3727 1302 3786 corroborandam
1318 3725 1402 3784 disci·

814 3799 946 3872 pulcrum
962 3799 1103 3864 tidemde
1117 3816 1169 3856 sua
1186 3798 1403 3856 Resurrectioue

815 3869 982 3954 debiscunt
997 3873 1114 3930 creitant
1126 3871 1202 3944 quod
1212 3873 1268 3939 ipse
1278 3870 1327 3943 nui
1342 3887 1404 3928 cru·

816 3946 914 3998 citisus
930 3943 981 3998 init
997 3945 1026 4000 iu
1037 3944 1136 4000 eodem
1148 3960 1267 4015 corpore
1284 3959 1403 4000 numero

816 4013 971 4071 resurrexit
978 4032 986 4088 ;
1003 4014 1032 4072 in
1047 4032 1081 4072 eo
1096 4015 1172 4072 enim
1192 4015 1269 4088 quod
1287 4021 1404 4073 vulnera

817 4085 995 4156 ostendebat,
1017 4087 1214 4146 minitestabat
1233 4090 1310 4160 quod
1330 4088 1403 4144 idem

818 4165 1021 4229 resurrexerat,
1037 4160 1084 4233 qui
1106 4159 1134 4216 in
1154 4177 1237 4218 cruce
1253 4159 1402 4234 pependit;

819 4230 894 4287 uude
914 4231 1002 4289 Lucas
1022 4251 1028 4291 :
1055 4233 1149 4288 Videte
1166 4249 1265 4288 monus
1283 4247 1368 4298 meus,
1383 4233 1408 4286 et

821 4303 904 4374 pedes
917 4319 999 4375 meos,
1012 4307 1081 4376 quta
1092 4320 1141 4374 eoo
1154 4307 1212 4376 ipso
1224 4319 1294 4362 oum.
1315 4333 1345 4344 -—
1360 4303 1409 4360 So·

820 4373 924 4446 cundo,
939 4377 976 4434 ad
987 4375 1243 4434 commendandam
1258 4373 1319 4448 ejus
1335 4375 1411 4432 circa
