3036 5042
181 404 213 456 56
535 404 691 459 SllCllllllAE
720 406 838 460 illlis
868 403 973 458 CAPUT
1003 401 1060 458 lxl

185 513 239 574 Per
267 527 353 585 quam
393 509 609 596 responsionem
643 515 765 588 mortem

183 583 295 643 Christo
313 583 418 641 inlerre
439 583 597 654 inhibebat,
618 583 685 656 quia
709 584 765 640 Ro·

181 654 766 728 manialiquaminorajudicandaludaels

181 730 363 796 dimiserant;
376 727 427 784 sed
441 743 556 784 causam
572 725 722 799 sanguinis
738 731 766 782 et

180 801 268 858 altam
274 795 414 870 justitiam
423 799 476 856 sibi
487 798 673 856 retinuerant.
686 799 766 854 Unde

178 889 242 942 erpo
256 872 389 926 dicerunt
403 874 429 926 ei
452 871 543 926 Judaei
572 889 580 925 ε
610 871 694 928 Nobis
712 885 765 924 reon

180 946 245 1000 licet
272 945 423 1013 interficere
453 959 628 1012 quemquam,
658 940 767 1006 scilicet

89 1056 93 1064 .
178 1017 296 1088 propter
311 1018 481 1086 potestatem
498 1013 535 1070 ad
551 1012 623 1068 allos
642 1013 765 1069 transla-

179 1093 249 1143 tam.
264 1087 370 1141 Tamen
386 1089 488 1141 contra
499 1085 609 1156 seipsos
621 1083 764 1152 dicebant,

140 1163 141 1167 ’
180 1155 247 1228 quia
260 1155 484 1226 interficiebant,
502 1171 588 1228 quem
604 1154 709 1227 injuste
726 1154 767 1212 in·

180 1227 381 1284 terhciendum
404 1227 577 1295 ollercbant,
598 1233 626 1283 et
653 1227 766 1297 sangui-

182 1315 246 1356 nem
273 1298 458 1355 innocentem
486 1298 654 1368 tundebant,
682 1313 766 1370 quem

181 1370 356 1428 tundendum
383 1369 466 1427 alleri
492 1370 655 1426 tradebant.
678 1373 766 1442 Argu·

182 1447 311 1498 meritum
326 1447 424 1498 contra
444 1440 611 1509 sentientes,
632 1441 675 1497 vel
701 1457 766 1512 pro-

182 1518 324 1581 curantes,
337 1517 388 1569 eut
402 1512 569 1569 simulantes
579 1513 710 1568 fraudem
726 1511 768 1566 ln·

182 1584 330 1641 terendam
347 1586 486 1655 proximo,
505 1599 569 1639 cum
586 1582 696 1666 possint
716 1585 767 1638 ob-

183 1655 261 1712 viare
280 1655 375 1723 malo;
397 1654 465 1726 quia
479 1655 549 1710 tales
574 1655 682 1711 slmiles
701 1659 769 1710 sunt

183 1726 289 1783 lurlaeis
311 1727 373 1782 haec
388 1724 561 1784 dicentibus.
577 1730 606 1780 et
624 1727 677 1782 sub
693 1741 768 1797 prae·

182 1803 260 1854 textu
270 1795 440 1868 justitiarel
455 1795 660 1867 cujuscumque
675 1812 769 1853 causae

182 1885 263 1925 suam
277 1866 672 1942 nequitiamdeleudentibus.
690 1867 769 1924 llultl

182 1939 269 1996 etiam
296 1939 363 1996 mali
383 1937 479 1996 clerici
497 1937 539 1995 sic
563 1937 672 2009 dicunt,
692 1938 769 1996 scili-

182 2017 241 2068 cet:
251 2010 406 2068 Nobisuon
420 2009 658 2068 licetinterllcere
673 2027 768 2082 quem·

182 2099 279 2154 qnam,
295 2081 489 2154 intelligentes
503 2081 538 2139 de
558 2087 652 2139 morte
666 2098 769 2154 corpo-

181 2153 246 2224 rali,
265 2153 314 2225 qui
338 2159 435 2211 tamen
462 2170 512 2226 pro
530 2152 644 2210 modico
661 2154 771 2210 babent

182 2227 292 2282 multosv
316 2225 481 2283 interlicere
505 2241 558 2282 suo
581 2226 657 2281 malo
678 2240 770 2282 exem·

159 2327 162 2338 ·
182 2297 241 2380 plo,
256 2305 348 2354 morte
373 2296 528 2368 spirituali,
551 2313 615 2368 quae
633 2298 713 2368 pejor
727 2300 771 2353 est

183 2367 382 2425 interlectione
396 2367 548 2440 corporali.
563 2367 623 2436 Vel,
639 2368 770 2424 dixerunt

183 2439 287 2508 Judaei,
307 2439 362 2495 sibi
388 2455 448 2496 non
466 2439 555 2494 licere
581 2437 638 2494 illis
657 2437 770 2506 diebus,

184 2514 302 2582 propter
317 2509 380 2566 testi
398 2508 612 2565 solemnitatem
624 2515 653 2565 et
667 2508 770 2566 sancti-

184 2581 368 2653 tatem,quod
382 2581 528 2662 celebrare
539 2581 600 2651 jam
613 2586 770 2662 coeperant,

182 2650 771 2781 lllllllllllhlbtildltlllis

183 2795 380 2864 Augustinus:
398 2814 412 2845 α
426 2792 455 2851 Si
472 2793 642 2850 malefactor
655 2800 709 2862 est,
720 2810 771 2851 cur

184 2881 241 2922 nou
263 2865 330 2922 licet
344 2863 532 2922 interficere?
549 2865 577 2922 Si
593 2871 710 2938 propter
729 2866 770 2922 le·

182 2942 258 2993 stum
275 2953 332 2993 uon
349 2935 429 2992 licuit
449 2937 623 3006 interlicere,
639 2953 691 2994 cur
705 2954 771 2994 cru·

183 3007 278 3080 cillge,
306 3007 443 3080 crucifige
468 3023 545 3076 eum,
570 3008 735 3066 clamastis?
756 3029 770 3062 n

181 3081 244 3149 Vel,
256 3081 310 3136 hoc
324 3079 416 3136 Judaei
434 3079 576 3149 dixerunt,
592 3079 660 3151 qula
678 3080 770 3136 cruci-

182 3150 231 3223 llgi
242 3167 318 3221 eum,
335 3156 366 3208 ut
381 3151 467 3208 etiam
483 3151 567 3208 modo
584 3151 683 3208 mortis
700 3150 745 3208 inl
764 3183 772 3194 ·

184 3229 321 3293 meretur,
332 3222 499 3296 cupiebant;
516 3227 544 3279 et
557 3223 611 3280 hoc
621 3223 772 3280 eissecun·

185 3295 253 3352 dum
276 3298 379 3366 legem
407 3311 465 3352 non
494 3295 609 3366 licebat,
628 3294 694 3351 licet
716 3297 772 3351 ello

184 3367 771 3438 modopossentblasphemosinterlicere,

183 3439 297 3509 qualem
313 3438 458 3495 Christum
473 3437 652 3509 reputabant,
671 3442 701 3494 ut
722 3454 770 3507 pa-

184 3507 280 3564 tuitio
296 3509 443 3580 Stephano
459 3509 494 3564 ab
508 3507 550 3565 eis
566 3509 701 3580 lapidato.
712 3509 771 3564 Hoc

185 3585 281 3636 autem
297 3579 403 3635 lactum
415 3584 468 3640 est,
486 3584 517 3635 ut
527 3594 613 3635 sermo
633 3583 697 3636 iesu
712 3582 771 3636 tm-

184 3652 317 3723 pleretor,
333 3665 414 3721 quem
429 3651 515 3718 dicit,
535 3652 698 3722 significans
715 3667 771 3722 quo

184 3727 346 3777 morteesset
362 3719 609 3790 moriturus,idest
623 3737 641 3778 a
656 3721 769 3805 quibus,

821 514 948 567 essenta
963 509 1070 566 scelere
1082 525 1090 578 3
1109 505 1243 580 impletus
1255 512 1299 564 est
1313 521 1409 563 serum

820 585 898 650 lesu,
914 597 1001 654 quem
1022 580 1057 637 de
1078 595 1131 637 sua
1153 585 1246 637 morte
1265 578 1408 662 praedixit,

821 653 937 722 scilicet,
954 651 1029 725 quod
1045 651 1183 710 alodaels
1200 655 1322 708 tradrtus
1337 651 1411 707 occi-

821 726 938 782 deretur
950 741 967 782 a
982 723 1130 781 Gentibus.

858 821 874 871 9
887 799 981 853 Flesse
991 799 1140 852 luosoauu
1153 810 1363 851 occussrrorses.
1379 823 1410 834 -

822 870 964 940 depetunt
977 872 1070 923 eutem
1091 868 1172 922 illum
1191 881 1322 921 comeare
1336 863 1411 920 lalse

823 942 851 996 in
864 939 971 1002 multis.
986 939 1021 995 de
1032 935 1237 1010 quibussolum
1247 935 1304 994 tria
1316 935 1412 1008 expri-

822 1017 949 1082 muntur,
967 1027 1030 1082 quae
1051 1011 1140 1066 lucas
1155 1007 1314 1066 successive
1328 1007 1412 1080 ponit

820 1084 940 1139 dicentes
956 1099 963 1138 :
979 1085 1058 1138 Hunc
1070 1082 1226 1137 invenimus
1243 1080 1412 1146 sudomen-

822 1161 875 1211 tem
890 1160 996 1224 pentem
1017 1157 1151 1217 nostram,
1169 1150 1278 1208 scilicet
1294 1149 1309 1209 J
1313 1151 1412 1208 udae·

821 1242 896 1294 rum,
911 1225 1015 1282 acultu
1030 1222 1123 1296 Legis,
1134 1221 1235 1279 salsam
1249 1221 1411 1280 doctrinam

821 1297 1005 1364 seminando;
1034 1302 1060 1351 et
1086 1295 1275 1366 prohibentem
1303 1293 1412 1350 tributo

821 1370 886 1424 dori
897 1370 1008 1436 cesari,
1021 1371 1050 1423 et
1061 1366 1102 1423 sic
1112 1365 1193 1438 quasi
1206 1371 1306 1422 eontra
1316 1364 1412 1437 ipsum

822 1440 991 1496 seditionem
1012 1439 1156 1506 lacicudo;
1173 1442 1199 1493 et
1223 1438 1357 1492 dicentem
1384 1453 1414 1491 se

823 1508 1414 1580 chrestumaepemesse,quasisolenssini-

823 1582 936 1654 metipsi
948 1597 1068 1653 regnum
1080 1581 1246 1638 ludaeorum
1259 1595 1414 1652 usurpare.

822 1654 942 1710 Nomine
956 1653 1060 1711 Christi
1075 1667 1159 1723 reges
1177 1651 1348 1708 Judaeorum
1363 1668 1415 1722 ap·

824 1725 1016 1797 pellabantur,
1033 1729 1149 1796 propter
1168 1722 1345 1791 unctionem,
1362 1721 1416 1779 sed

824 1797 970 1854 addebant
988 1798 1105 1868 Regem,
1122 1793 1243 1851 dicendo
1267 1795 1416 1851 Christum

825 1871 943 1940 Regem,
973 1867 1067 1939 gratia
1093 1865 1317 1937 explanationis3
1347 1865 1417 1936 quia

825 1940 934 1996 Pilatus
951 1937 1071 1996 Gentilis
1090 1944 1163 2004 erat,
1188 1937 1317 2018 Gentiles
1343 1953 1415 2020 sero

824 2007 1416 2161 ltltitlt?lildttltlltlltllle

824 2159 911 2222 stum,
924 2153 1008 2210 idest
1021 2157 1151 2219 unctum,
1161 2168 1219 2208 oon
1235 2151 1417 2208 addidissent

825 2224 1060 2296 Regem,l’ilatus
1070 2240 1129 2280 non
1144 2222 1340 2280 intellexisset.
1357 2223 1416 2279 Sed

824 2297 904 2354 salsae
922 2303 1006 2352 erant
1024 2295 1236 2352 accusationes.
1255 2295 1336 2351 [lude
1355 2311 1416 2350 non

824 2369 898 2425 bene
918 2367 1049 2424 dicebant
1067 2369 1233 2433 invenimus,
1254 2367 1322 2438 quia
1336 2367 1416 2436 quod

824 2439 850 2496 ei
867 2439 1054 2510 imponebant
1079 2455 1136 2495 non
1158 2444 1220 2494 erat
1235 2437 1277 2494 rei
1296 2441 1415 2506 veritas,

825 2510 876 2568 sed
890 2511 1016 2567 humana
1029 2509 1106 2566 fictio
1117 2514 1146 2566 et
1156 2509 1334 2566 adinventio.
1352 2509 1417 2565 Non

824 2582 902 2639 enim
922 2581 1061 2639 subvertit
1075 2587 1191 2653 gentem
1208 2598 1226 2637 a
1244 2581 1330 2652 Lege,
1346 2579 1418 2652 quin

824 2658 855 2710 ut
870 2652 931 2726 ipse
953 2653 1046 2709 elisit:
1068 2657 1128 2710 lllou
1149 2655 1214 2708 oeni
1235 2653 1339 2708 solvere
1357 2653 1416 2708 Le-

823 2741 884 2794 pem
909 2730 959 2780 aut
985 2725 1146 2796 Prophetas,
1172 2724 1221 2779 sed
1241 2724 1416 2794 adimplerc;

825 2813 877 2853 nec
888 2794 1038 2862 subvertit,
1050 2796 1099 2852 sed
1110 2796 1266 2864 convertit,
1280 2810 1353 2865 quos
1366 2795 1418 2851 do·

824 2867 882 2924 cuit
895 2867 924 2923 in
937 2867 1067 2924 veritate.
1082 2869 1138 2924 Nec
1149 2864 1296 2949 probibuit
1305 2864 1418 2922 tributa

825 2939 931 2996 Caesari
946 2938 1020 3008 dari,
1035 2939 1086 2995 sed
1100 2937 1171 2995 dixit
1194 2955 1200 2994 :
1217 2937 1335 2995 Reddite
1348 2954 1416 3006 erpo

825 3027 885 3081 que
899 3017 965 3066 sunt
980 3012 1097 3068 deseris
1111 3011 1223 3072 Caesari,
1237 3014 1263 3064 et
1273 3025 1335 3079 qua
1347 3015 1416 3075 suat

826 3085 875 3138 Dei
890 3085 959 3152 Deo;
979 3087 1007 3138 et
1021 3081 1125 3139 libera
1142 3080 1262 3150 tributo,
1278 3096 1315 3137 ne
1330 3096 1416 3137 seau-

825 3151 972 3220 dalizaret,
990 3152 1075 3209 solvit
1092 3153 1232 3210 tributum
1255 3167 1308 3224 pro
1335 3168 1366 3208 se
1385 3156 1417 3207 et

827 3225 923 3282 Petro.
950 3222 1053 3282 Dicens
1074 3239 1189 3296 quoque
1217 3239 1247 3280 se
1266 3222 1414 3280 Christum

826 3297 933 3368 Regem
954 3311 1027 3364 esse,
1053 3311 1153 3352 verum
1168 3294 1249 3362 dixit,
1274 3293 1341 3351 licet
1368 3311 1414 3350 re-

826 3382 916 3438 gnum
933 3365 964 3423 in
979 3367 1033 3423 hnc
1049 3367 1157 3424 mundo
1177 3367 1286 3422 habere
1302 3365 1389 3422 nollet
1405 3383 1414 3434 ;

826 3437 893 3510 qula
905 3453 969 3494 eum
987 3437 1041 3510 ipsi
1055 3437 1162 3494 vellent
1176 3453 1242 3495 eum
1262 3453 1360 3508 regem
1375 3437 1417 3494 la-

826 3525 901 3580 cere,
922 3507 1004 3580 fugit,
1020 3514 1049 3566 et
1075 3525 1196 3582 regnum
1220 3508 1341 3580 respuit.
1358 3507 1414 3580 lgi-

825 3585 882 3649 tur,
898 3585 928 3638 ut
943 3585 983 3637 alt
997 3581 1083 3648 Reda,
1099 3585 1260 3652 arguuntur
1274 3579 1415 3652 impieta-

824 3651 860 3708 tis
874 3651 976 3718 ludaei,
995 3651 1072 3724 quod
1096 3657 1265 3708 accusantes
1289 3651 1416 3709 Salvato-

825 3739 897 3792 rem,
913 3729 942 3780 et
959 3723 1032 3780 salso
1050 3721 1178 3795 quidem.
1195 3739 1289 3794 neque
1303 3721 1414 3794 aliquid

186 3808 244 3849 non
259 3791 335 3849 enirn
349 3797 470 3874 mortem
485 3793 577 3850 crucis
592 3791 640 3849 bic
653 3793 770 3864 srgnill-
823 3793 981 3851 verisimile
1006 3796 1083 3866 quod
1106 3795 1131 3851 ei
1151 3794 1278 3866 objicere
1303 3793 1414 3866 possint

186 3871 249 3932 cat;
267 3863 317 3920 sed
332 3879 399 3935 quia
414 3863 581 3921 clientibus
597 3870 672 3922 esset
686 3864 771 3920 mori·
824 3866 984 3923 inveniunt.
1012 3867 1051 3922 lle
1075 3865 1167 3938 prima
1194 3865 1282 3938 igitur
1300 3880 1415 3922 aecusa-

186 3939 278 4002 turus,
299 3943 326 3990 et
352 3934 429 4016 quod
447 3934 539 3992 ludaei
562 3951 627 3992 eum
648 3935 771 3992 luissent
823 3936 913 4006 hone,
929 3943 1076 4009 tamquam
1104 3937 1207 3994 trirola
1226 3942 1256 3993 et
1282 3937 1319 3994 ad
1347 3951 1413 3994 eum

185 4005 321 4062 dentibus
334 4005 467 4062 tradituri
485 4007 521 4063 ad
537 4005 725 4076 illudendum,
742 4013 771 4064 et
823 4024 881 4064 non
898 4013 1046 4081 spectante
1072 4009 1179 4066 Pilatus
1203 4024 1306 4081 parum
1323 4023 1413 4066 cura-

186 4077 688 4160 flagellandum,eterucihgendum:
707 4079 769 4136 haec
823 4081 882 4147 bat,
910 4079 977 4152 quia
996 4079 1074 4136 enim
1090 4085 1152 4137 erat
1169 4080 1256 4137 homo
1283 4079 1412 4147 Cantilia,

186 4163 263 4206 enrm
283 4154 340 4204 trra
367 4150 505 4205 Dominus
532 4164 549 4204 a
568 4149 707 4205 Gentibus
727 4155 770 4206 est
823 4167 881 4207 non
897 4151 1016 4208 curabat
1028 4151 1064 4208 de
1077 4151 1280 4209 observatione
1293 4168 1343 4207 seu
1356 4150 1413 4206 rio·

184 4236 295 4294 passus.
312 4218 383 4287 Quia
403 4217 479 4275 enim
501 4218 622 4292 propriis
636 4219 770 4278 manibus
823 4222 929 4280 latione
946 4222 1081 4280 mosaicae
1097 4225 1196 4295 Legis3
1211 4229 1240 4280 et
1259 4222 1412 4279 secundam

185 4291 278 4350 Judaei
297 4291 449 4348 noluerunt
466 4306 531 4348 eum
551 4291 723 4361 interlicere,
739 4297 768 4350 ut
821 4298 969 4366 tamquam
984 4293 1087 4351 falsam
1107 4302 1136 4351 et
1155 4293 1325 4351 mendosam
1341 4309 1412 4367 par-

186 4363 226 4420 sic
242 4363 289 4436 qni
306 4361 397 4436 magis
413 4363 570 4435 peccabant
585 4360 666 4436 quasi
682 4363 768 4422 alieni
823 4363 981 4438 vipendeos
1011 4365 1120 4426 nullam
1146 4366 1316 4440 reputabat,
1345 4364 1411 4439 quia
