3104 5034
398 443 581 498 eoncnnsro
608 443 704 499 mem
730 444 771 499 nr
798 401 957 498 srunnno
984 443 1076 497 eins.

194 539 276 619 ¹lesu,
293 553 406 598 summa
418 541 590 613 benignitas,

163 610 236 666 Mire
250 611 343 667 cordis
357 613 530 683 jucunditas,

164 682 401 754 incomprehensa
413 683 536 756 bonitas,
573 715 576 722 ·

163 754 221 810 Tua
235 769 280 810 me
292 755 405 827 stringit
423 756 536 814 caritas.

197 863 307 918 Bonum
320 863 390 920 mihi
405 864 524 937 diligere

161 934 270 1002 iesum,
282 933 321 990 nil
334 935 409 992 ultra
424 953 570 1011 querere,

162 1003 230 1086 illibi
243 1021 364 1088 prorsus
382 1007 516 1081 deucere,

162 1077 197 1132 llt
209 1076 250 1133 rllr
264 1093 368 1150 queam
382 1079 486 1140 vivere.

195 1181 217 1238 0
232 1185 301 1242 Jesu
314 1184 353 1240 mi
366 1184 539 1258 dulcissime,

160 1255 229 1326 Spes
239 1255 407 1328 suspirantis
416 1258 531 1329 animae,

159 1329 196 1384 Te
212 1335 343 1400 quaerunt
353 1327 407 1399 piae
422 1330 565 1404 laerymae,

158 1399 196 1456 Te
213 1399 319 1458 elamor
331 1400 436 1459 mentis
449 1403 567 1464 intima.

193 1507 376 1579 Quocumque
394 1508 453 1564 loco
467 1508 558 1581 fuero,

159 1579 251 1634 iteum
264 1579 359 1636 Jesum
374 1578 516 1640 desidere.

157 1651 247 1718 Quam
261 1649 353 1722 laetus,
369 1667 435 1709 eum
449 1651 600 1711 invenero!

157 1722 247 1790 Quam
260 1722 337 1793 felix,
352 1739 417 1781 cum
430 1725 569 1784 tenuerol

192 1833 268 1888 Tune
286 1831 442 1904 amplexus,
458 1837 525 1890 tunc
544 1834 652 1905 oscula,

156 1903 224 1970 Quae
237 1902 354 1960 vincunt
367 1903 460 1962 mellis
479 1905 591 1979 poeula,

155 1975 231 2032 Tune
244 1974 310 2032 felir
325 1975 428 2033 Christi
445 1978 564 2050 copula;

155 2046 210 2104 Sed
225 2046 253 2104 in
272 2046 317 2104 his
332 2064 421 2121 parve
439 2050 562 2109 morula.

187 2155 249 2212 Jam
262 2153 337 2226 quod
352 2154 480 2226 quaesivi,
496 2153 591 2224 rideo,

152 2225 231 2294 Quod
245 2227 392 2299 concupivi
412 2231 517 2299 lenco;

151 2299 254 2354 Amore
267 2299 333 2355 fesu
349 2300 482 2369 langueo,

152 2369 187 2424 Et
199 2369 285 2426 corde
304 2375 380 2426 totos
394 2370 492 2428 ardeo.

186 2479 267 2535 iesus
285 2494 351 2535 cum
366 2477 407 2536 sic
421 2477 560 2550 diligitur,

152 2551 203 2607 Hic
219 2567 300 2608 amor
313 2567 369 2608 uon
385 2552 588 2622 exstinguitur,

151 2623 212 2680 Non
226 2623 353 2694 tepescit,
369 2639 422 2679 nec
435 2622 577 2696 morilur3

150 2695 217 2752 Plus
230 2694 331 2752 erescit
345 2698 374 2752 et
387 2695 564 2753 accenditur.

184 2802 235 2858 Hic
248 2817 329 2858 amor
344 2802 425 2860 ardet
437 2801 554 2877 jugiter,

149 2873 286 2931 Dulcessit
300 2874 480 2941 mirabiliter,

149 2947 185 3003 Sa
205 2945 227 3002 it
246 2945 460 3016 delectabiliter,

150 2962 275 3076 DeYectat
289 3023 318 3075 et
333 3018 462 3076 feliciter.

184 3127 234 3182 Hie
252 3141 334 3184 amor
346 3127 447 3184 missus
462 3125 584 3194 coelitus

149 3199 241 3254 Haeret
253 3197 322 3256 mihi
337 3198 512 3269 medullitus,

148 3271 270 3327 Mentem
288 3271 413 3328 incendit
433 3273 555 3342 penitus,

147 3342 206 3400 lieo
217 3341 376 3400 delectatur
391 3343 518 3418 spiritus.

180 3451 202 3508 0
212 3451 327 3508 beatum
339 3451 518 3519 incendium,

145 3523 167 3580 0
181 3523 285 3580 ardens
304 3523 479 3581 desiderium
492 3527 499 3582 l

143 3595 259 3652 Odutcc
274 3594 466 3676 refrigerium,

142 3667 246 3724 Amare
260 3667 311 3724 Dei
329 3669 449 3725 Filium!

177 3777 254 3844 lesu,
273 3775 326 3831 llos
338 3773 435 3830 Matris
450 3773 585 3848 Virginis,

141 3849 228 3905 Amor
244 3851 349 3904 nostrae
364 3846 535 3919 dulcedinis

141 3918 202 3976 Tibi
218 3919 279 3976 laus
293 3919 386 3975 honor
401 3917 537 3992 numinis,

141 3993 271 4064 Regnum
286 3989 480 4048 beatitudinis.

175 4092 256 4162 Veni,
274 4092 349 4161 veni,
364 4093 422 4150 Rex
435 4091 553 4169 optime,

144 4166 227 4220 Pater
242 4165 388 4221 immensae
403 4164 516 4236 gloriae,

140 4235 249 4308 aunlge
265 4235 353 4292 monti
368 4236 473 4294 elarius

138 4311 201 4366 lam
215 4311 391 4381 exspectatus
404 4311 519 4382 saepius.

736 1153 740 1242 l

715 4260 719 4462 l

840 541 918 609 lesu,
932 539 993 596 sole
1007 539 1148 612 serenior,

806 615 839 668 Et
849 615 977 671 balsamo
992 610 1118 682 suavior,

805 685 888 742 Omni
902 683 1017 740 dulcore
1032 683 1151 754 dulcior,

805 760 867 815 Prae
882 756 988 814 cunctis
1005 754 1166 812 amabilior.

839 863 925 934 Cujus
940 867 1040 932 gustus
1050 859 1090 916 sic
1107 857 1207 931 allicit,

804 935 889 1006 Cujus
904 934 975 990 odor
986 935 1026 990 sic
1038 930 1141 990 reficit.

802 1008 834 1062 in
849 1022 906 1077 qua
921 1021 1002 1062 meus
1017 1021 1080 1061 mea
1091 1001 1188 1060 deficit
1203 1019 1211 1060 :

803 1077 887 1136 Solus
899 1079 1007 1134 amanti
1021 1075 1136 1136 sufficit.

838 1185 880 1241 Tu
893 1183 996 1242 mentis
1011 1181 1174 1252 delectatio,

800 1255 913 1314 Amoris
929 1256 1153 1323 consummatio;

801 1331 853 1398 Tu,
868 1344 932 1386 mea
947 1325 1091 1400 gloriatio,

800 1402 867 1458 lesu
882 1399 980 1458 mundi
990 1397 1120 1458 salvatio.

835 1506 871 1563 lli
886 1507 999 1576 dilecte,
1013 1511 1168 1575 revertere,

800 1579 922 1637 Consors
935 1583 1061 1650 paternae
1076 1577 1212 1650 dextera,

799 1653 915 1707 Hostem
932 1648 1025 1707 vicisti
1041 1663 1189 1722 prospere,

798 1725 862 1780 tam
876 1721 939 1780 coeli
953 1737 1042 1796 regno
1062 1721 1167 1779 fruere.

834 1831 944 1902 Sequar
959 1831 986 1886 le
1001 1843 1116 1902 quoqcm
1132 1827 1210 1894 ieris,

798 1900 864 1958 itini
885 1899 945 1958 tolli
959 1917 1017 1958 non
1032 1900 1155 1974 poleris;

798 1973 869 2030 Cum
887 1989 983 2030 meum
997 1989 1046 2030 cor
1064 1971 1227 2042 abstuleris,

797 2047 865 2102 Jesu
880 2045 942 2102 laus
957 2045 1049 2102 nostri
1062 2047 1184 2117 generis.

834 2152 901 2210 Coeli
916 2151 1003 2219 cives,
1017 2152 1167 2222 occurrite,

799 2225 898 2280 Portas
917 2230 1025 2279 vestras
1039 2223 1172 2294 attollite,

798 2293 1009 2367 Triumpbetori
1028 2294 1114 2351 dicite
1133 2313 1140 2352 :

797 2367 866 2436 Ave,
880 2369 950 2424 lesu
964 2369 1023 2423 Rex
1037 2367 1152 2440 inelyte.

833 2475 892 2530 Iler
906 2474 1053 2538 virtulum.
1070 2476 1128 2531 Rex
1144 2473 1253 2549 gloriae,

797 2547 855 2603 Rex
870 2545 989 2617 insignis
1004 2545 1140 2616 ricloriae,

795 2619 861 2674 iesu
877 2617 995 2690 largitor
1009 2618 1121 2702 gratiae,
1226 2661 1229 2672 .

796 2691 893 2746 fionor
909 2691 1034 2749 eoelestrs
1050 2691 1147 2749 ouriael

829 2799 880 2866 Tu,
894 2797 957 2854 fons
973 2795 1187 2866 misericordiae,

792 2869 843 2936 Tu,
865 2884 939 2924 verra
956 2871 1052 2925 lumen
1067 2869 1168 2940 palriae
1178 2885 1186 2940 ;

793 2939 871 2995 Pelle
889 2941 994 2996 nubem
1009 2939 1144 3010 tristitia,

792 3012 879 3068 Nobis
894 3011 965 3068 dans
979 3011 1074 3068 lucem
1088 3009 1202 3084 glorie.

826 3121 864 3176 Te
878 3117 943 3176 eoeli
958 3119 1063 3176 chorus
1080 3117 1230 3190 predicat,

791 3193 826 3248 Et
839 3197 902 3248 tuas
917 3191 1017 3248 leudes
1031 3191 1166 3263 replicat;

790 3265 872 3320 iesus
886 3263 986 3320 orbem
1007 3263 1147 3330 laetificat,

791 3337 825 3392 Et
843 3349 895 3391 nos
910 3337 969 3392 Deo
988 3335 1129 3406 pacificat.

824 3444 905 3500 Jesus
919 3440 949 3498 in
963 3457 1034 3515 paee
1047 3440 1183 3516 imperat,

789 3515 858 3582 Qum
873 3530 987 3571 emnem
1004 3530 1117 3571 sensum
1133 3521 1268 3586 superal3

789 3589 867 3644 tinne
881 3602 962 3643 mens
977 3602 1041 3642 mea
1054 3586 1207 3658 desiderat,

789 3659 823 3716 Et
833 3659 882 3715 illo
896 3659 951 3714 frui
963 3665 1110 3731 properat.

823 3770 906 3826 lesus
918 3767 955 3825 ad
968 3769 1082 3824 Patrem
1094 3767 1189 3839 rediit,

789 3839 908 3896 Coeleste
924 3855 1044 3911 regnum
1064 3838 1162 3904 subiit,

788 3913 843 3969 Gor
857 3927 951 3967 meum
970 3927 988 3968 a
1004 3927 1048 3967 me
1065 3910 1189 3984 transiit,

788 3983 856 4041 Post
872 3985 968 4039 lesum
985 3983 1068 4040 simul
1087 3983 1166 4042 abiit.

820 4091 884 4148 fem
923 4089 1265 4173 resequemurlaudibus,

784 4105 1019 4235 Jesumssrymms
1031 4168 1059 4218 et
1075 4162 1206 4233 precibus
1225 4182 1231 4222 :

785 4238 820 4293 Ut
834 4249 885 4290 uos
899 4233 988 4290 donet
1003 4233 1177 4308 eoelestibus,

785 4308 855 4366 Cum
868 4306 929 4380 ipse
945 4307 1000 4365 frui
1011 4307 1140 4368 sedibus.

822 4417 923 4474 Amen.
