2974 5040
355 465 392 520 DE
418 467 541 526 snxtt.
571 467 603 522 lli
631 469 791 526 l’hhhlotlb
822 471 951 530 uotttttt.

52 579 179 636 Dominus
192 582 286 638 autern
302 579 343 638 ait
359 597 366 638 ε
384 579 471 638 Antea
486 582 548 638 dieo
563 583 626 652 tibi,

49 653 130 714 indie,
150 659 205 709 ete.
226 651 289 709 Vita
313 651 391 710 enim
415 655 459 710 est
482 669 543 710 esse
562 669 626 712 cum

49 722 163 792 Christo,
176 722 246 794 quia
259 723 308 782 ubi
326 725 465 794 Christus,
481 723 520 782 ibi
538 729 566 782 et
580 743 625 784 re-

49 811 140 866 gnum.
156 795 217 853 Cito
234 794 323 867 igitur
338 796 459 868 ignoscit
474 798 624 866 Dominus,

49 867 108 938 quia
135 865 182 924 ille
212 866 268 924 citu
292 867 478 926 convertitur.
503 887 518 921 n
548 871 626 928 Unde

48 937 125 996 etiam
140 939 337 1009 loquentum:
354 965 368 994 o
383 937 482 998 Dixisti
495 939 601 998 latroni
616 959 623 998 t

47 1011 127 1066 Hodie
143 1027 248 1068 mecam
261 1014 315 1068 eris
328 1014 360 1068 ia
374 1011 518 1082 paradiso,
533 1017 565 1070 ut
575 1013 625 1071 de-

47 1083 80 1138 sit
93 1081 166 1140 loctts
177 1081 391 1156 desperationi:
408 1081 455 1140 cui
469 1083 563 1156 parcis
578 1084 626 1142 la-

48 1153 127 1222 troni,
142 1159 173 1210 ut
190 1155 327 1212 ostendas
343 1155 465 1212 inactum
482 1154 624 1230 poeniten-

47 1223 98 1293 tiae,
115 1225 224 1284 iontem
243 1225 459 1296 misericordia,
476 1231 505 1284 et
522 1227 624 1284 celeri·

47 1301 126 1354 tatem
149 1297 349 1370 indulgentiae.
370 1299 412 1356 'l'u
434 1299 511 1356 enirn
530 1299 626 1360 salvas

47 1367 175 1426 latronem
185 1371 314 1442 seipsum
324 1377 515 1440 accusantem,
525 1375 626 1428 temet-

46 1437 129 1512 ipsum
138 1447 334 1510 excusantem,
346 1439 573 1524 misericordiam
583 1442 626 1500 in·

47 1518 194 1583 nomnium,
208 1517 239 1571 et
254 1513 501 1586 blasphemantem
514 1531 624 1572 socrum

46 1580 242 1657 increpantem.
268 1606 283 1637 o
310 1585 388 1642 Unde
406 1589 435 1642 et
462 1587 624 1654 chrysosto-

45 1671 98 1712 mos
110 1675 119 1712 a
137 1677 150 1712 a
168 1657 190 1714 Ο
202 1673 254 1714 res
266 1657 412 1716 mirandal
424 1659 486 1714 Non
501 1659 624 1716 Abrahae

47 1727 105 1784 date
117 1735 159 1786 est
170 1727 328 1802 promissio
343 1729 482 1804 paradisi,
497 1746 555 1787 non
569 1731 623 1788 Pa-

46 1797 136 1870 tribus,
147 1817 205 1857 non
222 1801 388 1874 Prophetis,
408 1801 458 1860 sed
475 1803 568 1874 primo
583 1802 622 1860 la·

47 1871 112 1928 troni
130 1872 234 1932 dicitur
254 1890 262 1929 :
284 1873 374 1931 Hodie
395 1889 500 1930 mecum
516 1877 572 1930 eris
593 1878 624 1932 in

44 1945 176 2013 paradiso.
201 1943 336 2002 Credidit
365 1945 509 2004 Abrabam
541 1947 622 2010 Deo,

45 2029 95 2072 non
115 2017 165 2076 sub
181 2017 235 2074 tali
258 2015 422 2074 conditione
449 2016 555 2090 posito,
571 2017 623 2076 sed

44 2085 75 2142 de
95 2089 164 2145 coelo
190 2087 346 2160 loquentia
372 2087 494 2146 credidit
522 2088 622 2156 isaias,

44 2158 88 2214 sed
100 2160 206 2218 sedenti
220 2159 424 2230 superantium
436 2160 579 2218 excelsum
596 2166 624 2217 ct

45 2228 194 2302 elevatum3
210 2231 339 2290 eredidit
361 2233 500 2298 Ezechiel,
522 2232 573 2289 sed
596 2231 622 2290 ei
640 2287 645 2294 ,

44 2315 119 2370 super
132 2320 215 2374 quem
238 2302 395 2360 Cherubim
414 2305 623 2376 contemplatus

44 2377 94 2442 est;
108 2375 226 2433 credidit
240 2380 271 2431 et
282 2377 400 2448 Moyses,
413 2375 463 2432 sed
478 2375 513 2432 de
528 2376 623 2434 medio

43 2441 109 2514 ignis
131 2447 274 2520 loquenti.
289 2448 343 2505 Sed
358 2445 412 2504 iste
425 2446 504 2504 videt
524 2447 621 2506 Salva·

44 2519 125 2575 torem
145 2535 202 2578 non
220 2519 257 2576 in
281 2517 369 2592 regali
389 2519 505 2588 throno,
525 2525 570 2576 ast
593 2518 623 2576 in

43 2601 119 2658 poena
134 2591 277 2648 sociatum
306 2589 482 2660 latronibus;
498 2587 622 2648 videtin

43 2673 117 2718 annos
133 2663 321 2736 pendentem,
347 2667 378 2718 et
404 2667 470 2719 orat
490 2662 571 2734 quasi
590 2661 621 2720 in

44 2730 113 2788 calis
126 2734 294 2802 sedentem
310 2731 388 2790 videt
399 2733 623 2792 condemnatum

43 2807 67 2858 et
82 2801 191 2864 invocat
215 2808 337 2890 Regem.
354 2805 376 2862 0
393 2803 564 2862 admiranda
580 2805 622 2862 la-

42 2876 124 2932 tronis
140 2877 311 2936 converstot
328 2875 420 2934 iudaei
438 2876 622 2948 crucifigant,

43 2945 85 3016 qni
99 2954 243 3008 nonerunt
261 2949 297 3006 Le
318 2964 365 3007 em
390 2953 420 3005 et
442 2949 619 3021 Prophetas;

42 3023 75 3098 et,
93 3023 122 3075 tu
143 3021 229 3092 latro,
251 2965 327 3078 aufe
346 3020 416 3076 talia
433 3019 620 3094 philosopha·

42 3089 122 3145 neto
142 3092 203 3150 bac
231 3093 452 3162 chrysostomos.
481 3091 537 3150 Sed
564 3091 621 3149 cle-

42 3175 115 3220 mens
138 3165 241 3222 ocnlus
267 3169 344 3228 tuus,
364 3179 381 3221 o
403 3162 523 3221 Domine
542 3165 622 3234 iesu,

40 3233 154 3304 respexit
167 3251 258 3308 super
275 3251 351 3305 eum,
368 3239 398 3293 et
408 3233 515 3292 vocasti
529 3233 623 3306 ipsum

43 3301 147 3363 iuterna
168 3305 323 3365 vocatione
349 3306 386 3364 ad
411 3305 620 3378 paenitentiam.

42 3375 103 3442 Quis
115 3395 172 3436 non
185 3379 275 3437 debet
290 3379 321 3435 in
338 3383 368 3435 te
384 3394 512 3452 sperare,
525 3382 553 3438 te
564 3379 623 3436 lau-

43 3446 115 3516 dare,
128 3455 157 3506 et
180 3449 365 3519 benedicere,
384 3455 415 3508 et
432 3466 542 3520 amare,
557 3465 622 3507 cum

43 3515 134 3578 liade
156 3521 235 3580 sacili
261 3519 414 3596 pepercisti
442 3520 480 3592 ei,
495 3521 544 3594 qui
562 3525 623 3578 tam

43 3591 112 3672 male
125 3591 443 3676 consumpseratlritam
453 3593 556 3652 suam?
564 3595 624 3678 'Re-

43 3676 115 3732 sptra
141 3680 211 3737 ergo
238 3681 315 3722 nuuc
343 3681 375 3722 tn
400 3681 481 3738 spem
506 3681 622 3736 nenne,

43 3747 226 3808 quacumque
251 3734 393 3810 peccatrix
418 3735 526 3807 anima,
541 3735 563 3793 si
578 3741 622 3792 ta·

44 3806 321 3950 circaeon
334 3815 367 3937 ι
383 3806 497 3938 ιιι-ιι
506 3808 623 3951 ιιι

201 3896 230 3936 ιιι
309 3897 345 3952 ngr
369 3919 376 3935 .
442 3922 450 3949 ,
610 3907 622 3920 ·

45 3947 130 4006 stincs
139 3967 232 4023 usque
245 3952 282 4008 ad
296 3953 397 4008 horam
409 3949 622 4018 mortisexem·

45 4018 89 4099 plo
103 4020 188 4093 hujus
205 4021 324 4080 latronis
336 4023 488 4096 poenitere,
499 4027 528 4080 et
543 4024 622 4104 inve-

45 4103 103 4146 nire
116 4091 211 4150 locum
227 4097 356 4152 Domim.
378 4093 434 4153 Etsi
453 4093 529 4151 enim
543 4099 624 4166 optt-

45 4175 120 4219 mum
134 4163 172 4220 sit
182 4169 213 4222 et
226 4167 339 4224 salubre
351 4165 501 4224 consilinm
515 4165 551 4222 de
570 4163 622 4220 mi·

45 4235 197 4293 sericordia
224 4237 274 4294 liei
302 4255 433 4310 quarere
460 4235 622 4310 refugium

44 4307 129 4362 totum
143 4313 240 4366 tamen
249 4309 396 4367 hominem
405 4327 440 4368 ex
451 4325 488 4368 ea
498 4307 622 4378 pendere

44 4375 237 4460 stultissimam
247 4389 292 4438 est
301 4381 445 4452 solatium,
458 4379 527 4456 qnia
540 4381 626 4462 mise

43 4447 162 4508 noordra
174 4453 320 4512 mneritas
334 4451 364 4512 in
376 4469 412 4513 eo
421 4451 540 4512 obviam
554 4451 620 4510 subt.

1225 473 1267 532 tta

681 581 802 640 OPater
825 581 1045 652 clementissime,
1064 599 1131 654 nono
1158 589 1194 648 te,
1221 601 1269 656 opo

680 655 774 722 mise,
794 651 897 722 dianus
915 655 1053 722 infernali
1068 656 1216 728 supplicio,
1239 660 1269 714 at

680 727 720 780 sis
734 739 836 780 memor
848 728 902 780 mei
917 727 947 780 tn
961 741 1044 796 repno
1055 731 1116 782 tao:
1126 741 1174 796 epo
1184 729 1269 796 enim,

681 797 805 863 Domine,
819 797 890 854 latro
902 801 1117 870 compescimus,
1130 801 1180 869 qai
1190 815 1232 856 me
1242 803 1268 858 el

680 869 780 922 maltos
797 869 828 923 ia
842 871 938 926 anima
953 871 1062 940 occidt3
1086 870 1134 925 sed
1150 874 1190 934 ta,
1206 873 1266 930 Do-

679 942 754 994 mine
771 941 1039 1007 misericordissime,
1064 947 1197 998 memento
1212 943 1267 1001 met

680 1013 710 1066 in
728 1011 837 1068 bonam.
853 1015 922 1069 Hace
938 1013 1022 1070 adoro
1042 1017 1077 1082 te,
1096 1029 1177 1086 quent
1193 1014 1268 1072 latro

680 1083 827 1148 adorabat,
836 1088 862 1140 et
871 1100 918 1140 oro
931 1087 1003 1141 sieut
1017 1085 1065 1142 iiie
1075 1085 1174 1144 nabot
1187 1104 1195 1140 ι
1209 1087 1267 1144 lle·

679 1158 769 1210 mento
791 1157 855 1220 mei,
874 1153 1000 1226 Domine,
1019 1157 1086 1214 dant
1110 1160 1218 1216 umeris
1237 1159 1268 1216 in

679 1241 794 1296 requam
809 1231 898 1286 ioum.
913 1231 1080 1298 lieeopnosee
1094 1231 1125 1286 in
1140 1245 1192 1296 me,
1212 1231 1268 1288 Do·

680 1301 762 1364 miae,
775 1299 846 1354 hane
861 1301 1024 1368 orationem,
1039 1303 1112 1360 scot
1135 1316 1267 1372 reconno-

679 1372 747 1425 uisti
766 1385 825 1426 eam
848 1373 879 1427 ia
896 1372 1018 1438 latrone;
1034 1375 1144 1446 suscipe
1162 1373 1267 1432 banea

678 1456 766 1510 savo,
783 1443 856 1498 sieut
872 1458 950 1499 susce
970 1446 1020 1500 isti
1039 1461 1099 1502 eam
1120 1461 1139 1502 a
1158 1446 1266 1514 samnio

679 1517 741 1580 tao;
757 1519 888 1570 memento
902 1461 968 1570 noel)
972 1516 1006 1572 de
1020 1531 1114 1586 repno,
1133 1519 1205 1572 stent
1218 1517 1267 1586 sa·

678 1587 728 1640 isti
743 1601 845 1640 memor
859 1587 938 1642 itlius
953 1587 987 1642 de
1001 1589 1087 1658 ltpno.
1102 1589 1152 1644 Die
1166 1589 1266 1658 ipttur,

678 1657 734 1726 die,
761 1673 862 1730 quaeso,
885 1661 1008 1730 Domine,
1040 1659 1087 1716 die
1105 1673 1183 1716 anuo
1208 1663 1266 1729 tao,

679 1729 789 1800 loquere
799 1729 837 1786 ad
847 1744 1004 1802 cormeum
1016 1731 1062 1788 die
1072 1733 1172 1790 anima
1185 1747 1266 1790 meet

679 1801 766 1856 Hodie
781 1817 886 1858 mecam
901 1805 956 1857 eris
969 1804 999 1858 tn
1013 1803 1157 1876 paradiso,
1173 1807 1205 1860 at
1218 1819 1267 1872 epo

678 1875 850 1942 confortatas
873 1874 1055 1930 desiderabili
1078 1881 1127 1932 tua
1145 1877 1268 1947 promis·

677 1947 762 2005 sione,
778 1946 898 2015 fideliter
911 1961 1087 2016 permaneam
1103 1949 1197 2002 tntae
1213 1946 1268 2018 dds

678 2021 704 2070 et
716 2016 871 2072 dilectione.
885 2018 917 2072 ln
929 2017 1074 2090 splendore
1084 2017 1151 2090 Mei
1164 2023 1190 2074 ei
1203 2033 1266 2078 een·

677 2089 809 2154 sessionis
820 2093 969 2144 testeiam
980 2091 1033 2144 sim
1045 2105 1097 2162 per
1112 2094 1188 2144 tuom
1203 2105 1267 2158 pra-

678 2161 747 2214 tiam
772 2161 891 2230 spiritus
910 2175 1000 2228 anam
1018 2165 1043 2216 et
1059 2162 1099 2216 sie
1117 2165 1205 2218 tecam
1219 2175 1265 2218 ero
1361 2205 1366 2214 .

677 2230 1265 2376 tttittttttttiittitinn-tlt·

1030 2345 1038 2372 t

676 2374 771 2430 radiae
786 2375 876 2444 reficis
924 2376 1008 2430 tritas
1020 2377 1187 2434 beatorum.-
1203 2389 1266 2434 vere

677 2447 750 2502 enini
764 2451 877 2514 pestere
910 2461 924 2501 e
941 2451 987 2502 tao
1011 2463 1103 2506 umore
1117 2451 1157 2504 est
1175 2451 1265 2506 tecam

676 2534 742 2575 esse.
756 2519 810 2575 Hae
825 2517 943 2586 Munna,
959 2519 1083 2590 Homine,
1099 2535 1141 2576 me
1158 2521 1201 2576 ita
1220 2520 1263 2576 vi·

676 2606 748 2654 vere,
767 2593 799 2645 at
822 2589 986 2660 aliquando,
1005 2607 1066 2648 eum
1091 2597 1146 2650 tua
1162 2592 1266 2664 pietati

675 2662 824 2734 placuerit,
843 2660 921 2718 dicos
948 2665 1048 2722 aalma
1069 2679 1136 2724 enea
1150 2679 1158 2722 a
1174 2661 1265 2720 Hodie

676 2749 781 2790 mecam
795 2734 850 2789 eris
865 2733 896 2789 in
910 2735 985 2792 eaelo.

711 2809 746 2862 iia
768 2806 870 2861 Tanain
887 2822 976 2862 inmo
992 2807 1106 2864 Muraena
1125 2823 1265 2868 ntsctrnno

676 2877 1267 2938 manserimusnuminenumine-ter·

676 2947 747 3006 tium
760 2949 878 3004 verbum
891 2947 1000 3004 Domini
1013 2947 1074 3016 luit,
1084 2965 1159 3018 cum,
1170 2953 1201 3006 ut
1210 2951 1266 3010 hla-

677 3022 787 3075 tremet
798 3018 866 3076 disci
890 3017 1266 3096 aluminterangustiaspa·

677 3092 747 3148 sitos
772 3088 849 3162 aliqu
882 3089 936 3148 iter
957 3093 1164 3162 consolaretur,
1186 3109 1264 3152 eom·

677 3160 1264 3224 mendavitMatremsolatiodestitutamec

677 3239 809 3290 maestam
820 3232 933 3306 etquaai
944 3231 1115 3290 morientem
1124 3233 1194 3292 disci
1217 3235 1263 3294 ulo

676 3304 884 3374 etdiscipulum
895 3303 986 3360 hiatui.
1001 3307 1073 3362 llicit
1086 3305 1161 3364 enirn
1205 3307 1263 3364 otri

675 3393 732 3434 saa
746 3395 755 3432 a
770 3377 881 3442 Huiier,
899 3391 957 3432 ecee
970 3377 1048 3446 ptius
1062 3381 1137 3448 teas,
1151 3377 1205 3434 boe
1219 3381 1263 3436 est

676 3447 726 3521 qui
736 3447 790 3506 loci
807 3446 868 3506 Filii
880 3446 922 3505 tui
937 3445 989 3506 tibi
1000 3445 1086 3506 debet
1100 3447 1219 3522 obsequi
1234 3451 1263 3506 et

676 3519 826 3578 allectione
838 3517 982 3594 conjungi.
995 3518 1079 3588 Quasi
1092 3519 1200 3578 diceret
1210 3521 1237 3580 ei
1251 3536 1259 3578 t

676 3594 771 3666 Usque
792 3591 877 3650 modo
899 3591 939 3648 tui
963 3590 1132 3664 obsequium
1153 3591 1216 3664 tibi,
1234 3595 1263 3650 et

675 3662 717 3720 tui
728 3679 827 3720 curam
841 3661 942 3734 habui;
956 3663 1006 3720 sed
1019 3663 1163 3722 dacoleno
1178 3665 1264 3724 istum

676 3734 844 3808 derelinquo
868 3733 937 3805 tibi,
957 3735 1006 3808 qui
1029 3733 1085 3792 enit
1109 3735 1172 3794 loco
1197 3733 1264 3794 mei.

676 3807 780 3863 Made
798 3807 868 3862 dieii
886 3805 1023 3878 discipata
1050 3823 1058 3862 t
1085 3809 1153 3864 Haeo
1176 3809 1267 3864 linter

678 3883 739 3948 tae,
754 3879 808 3934 hoc
822 3883 865 3934 est
877 3876 921 3936 cui
935 3875 1125 3938 reverentiam
1137 3883 1167 3936 et
1180 3876 1267 3938 servi·

676 3949 748 4006 tium
762 3948 860 4012 debes,
873 3953 905 4005 ut
920 3947 996 4006 illius
1009 3947 1103 4006 matri.
1120 3949 1207 4020 Quasi
1223 3950 1265 4006 di·

678 4026 756 4078 cerei
770 4019 796 4076 ei
812 4037 820 4076 ι
835 4021 945 4094 Deputo
960 4025 988 4077 te
1006 4021 1042 4078 ad
1058 4022 1120 4094 ejus
1134 4020 1265 4094 obsequi·

677 4108 726 4150 um
743 4095 773 4148 et
789 4107 897 4160 curam,
913 4091 976 4150 loco
994 4093 1060 4150 mei.
1078 4095 1136 4152 Hoc
1151 4099 1264 4150 ternum

679 4164 796 4220 verbum
806 4163 910 4222 Christi
925 4163 978 4221 luit
991 4163 1121 4222 maximoe
1132 4165 1266 4222 sollicitu-

677 4233 754 4292 dinis
777 4243 807 4292 et
828 4234 956 4308 pietatis,
975 4251 1009 4294 eo
1047 4237 1103 4294 nod
1124 4236 1155 4294 ia
1178 4235 1266 4318 tantis

677 4306 1003 4366 doloribusconstitutus
1043 4306 1266 4366 atrismoestisst-

678 4393 732 4436 me
754 4394 852 4437 curam
871 4379 971 4454 gessit,
985 4383 1015 4438 et
1031 4379 1058 4438 ei
1075 4379 1111 4438 de
1133 4377 1264 4460 ministro

677 4447 809 4522 providit.
826 4453 858 4508 la
878 4467 936 4524 qao
955 4449 1053 4510 docuit
1072 4465 1126 4508 nos
1139 4455 1264 4524 compati
1337 4461 1341 4472 ’
