3104 5034
121 427 139 462 Ι

215 418 260 471 ‘lid
527 417 684 471 slctnbll
713 417 835 471 Pth'lS
862 417 966 470 CAPUT
995 418 1124 471 lxxxii

214 543 277 586 sum
295 529 367 584 bene
381 524 522 596 diligeret,
535 523 636 580 merito
651 521 737 582 hodie
751 539 797 580 ex«
827 525 829 533 '

213 601 341 657 sultaret.
351 599 383 656 Si
393 598 544 667 diliperttis
553 611 604 658 me.
617 595 719 668 inquit,
730 611 799 665 puu-

212 671 310 728 dcrt'tts
324 673 430 742 utique,
451 671 518 740 quio
535 667 606 723 uodo
625 667 662 723 ad
677 671 797 724 Patren.

857 525 911 580 cies
925 539 1005 591 meo;
1029 525 1129 592 lactata
1153 529 1244 590 mm,
1270 529 1439 592 nominare·

857 599 976 668 quirum.
994 598 1063 652 Tota
1074 597 1440 670 namquedlspensaliohu·

857 668 1001 725 manitatis
1012 666 1116 724 Christi
1129 669 1292 726 nihilaliud
1307 668 1441 736 lecit,niii

213 743 292 800 Unde
307 746 358 800 Leo
373 743 450 814 Papa
466 758 473 796 :
491 761 503 792 u
519 739 592 796 llicit
615 737 730 811 quidem
747 742 800 796 Do·
857 745 887 796 ut
913 738 1099 796 intentionem
1121 747 1251 798 nostram
1272 741 1313 797 ad
1328 756 1442 814 superna

212 813 307 872 minus
323 814 406 874 Jesus
419 811 565 883 discipulis
580 813 638 867 suis
655 827 662 866 ε
680 813 712 870 Si
725 813 799 867 dlli—
852 809 993 882 dirigeret
1004 829 1011 878 ;
1021 819 1049 867 et
1064 815 1235 882 extempore
1251 820 1365 870 nostre
1378 828 1443 868 mor

209 889 310 955 peretto
338 901 390 952 me,
416 885 574 953 ponderetis
599 885 705 953 atique,
730 885 798 954 quin

209 960 280 1014 uado
292 958 329 1012 od
343 959 461 1012 Patrem
475 953 560 1012 Vobis
572 954 649 1011 euim
661 955 720 1010 hacc
729 969 799 1026 prae·

209 1034 300 1086 statur
317 1027 444 1086 ascensio
461 1044 468 1083 :
488 1029 517 1083 et
529 1041 615 1098 super
628 1041 728 1082 omues
740 1043 796 1083 cce-

208 1100 251 1157 los
276 1099 313 1156 ad
338 1098 431 1156 Patris
448 1099 593 1155 dexteram
619 1097 796 1166 collocanda,

207 1177 301 1228 vestra
313 1172 341 1227 ln
353 1187 398 1228 me
410 1169 556 1228 humilitas
567 1169 704 1225 elevatur.
715 1169 796 1226 Univi

206 1242 283 1299 enirn
299 1259 348 1299 vos
364 1241 443 1310 mihi,
458 1247 487 1298 et
512 1241 603 1298 lactus
627 1255 689 1298 sum
711 1240 796 1297 Filius

206 1314 341 1382 hominis,
358 1323 388 1370 ut
399 1330 450 1370 vos
464 1312 515 1370 tllii
530 1311 578 1368 Dei
592 1327 655 1368 esse
667 1311 793 1384 possitis.

206 1385 278 1454 Quia
300 1386 386 1458 igitur
411 1383 516 1442 Christi
540 1383 669 1440 ascensio
695 1391 795 1442 nostra
820 1416 822 1449 i

205 1457 350 1530 provectio
366 1462 420 1526 est,
435 1461 465 1514 et
480 1473 536 1529 quo
549 1454 688 1529 processit
702 1455 794 1526 gloria

205 1529 316 1602 capitis,
332 1545 367 1587 eo
389 1544 454 1602 spes
478 1537 595 1586 vocatur
609 1533 637 1584 et
654 1527 792 1599 corporis,

856 882 974 938 talitatis
986 883 1021 938 ad
1036 882 1217 941 manifestam
1244 883 1391 940 visionem
1407 883 1443 940 sui

855 956 1043 1025 perducerem
1060 971 1092 1010 ac
1107 955 1263 1026 perductos
1272 961 1386 1013 aeterna
1394 955 1445 1012 vul·

857 1033 900 1082 tus
916 1024 959 1082 sui
975 1025 1067 1099 gloria
1083 1025 1211 1084 satiaret.
1228 1049 1245 1078 n
1266 1029 1305 1083 Et
1323 1029 1443 1084 ilerum:

856 1119 871 1148 ii
889 1099 953 1154 llaec
973 1099 1076 1170 quippe
1093 1097 1289 1156 solemnitatis
1305 1100 1394 1171 hujus
1410 1103 1445 1154 est

854 1169 938 1238 ratio,
955 1174 985 1224 ut
1009 1170 1153 1226 Christum
1167 1171 1204 1226 ad
1219 1171 1378 1228 dexteram
1398 1171 1444 1226 Pa·

854 1239 906 1296 tris
919 1241 980 1312 jam
996 1256 1118 1312 regnare
1135 1242 1294 1300 credamus
1309 1259 1317 1311 ;
1335 1247 1365 1299 et
1379 1240 1444 1298 inle-

854 1313 908 1369 rim
923 1327 988 1369 eum
1002 1311 1080 1384 quasi
1096 1313 1218 1385 geminis
1228 1313 1378 1372 virtutum
1387 1311 1444 1379 alis,

853 1382 979 1440 caritatis
989 1384 1098 1441 scilicet
1110 1389 1138 1441 et
1148 1387 1207 1458 spei
1221 1387 1442 1458 subsequamur.

852 1461 883 1512 ut
898 1471 962 1511 cum
976 1455 1127 1512 tradiderit
1136 1473 1258 1528 regnum
1278 1461 1343 1515 Deo
1361 1453 1443 1523 Patri,

853 1526 913 1582 sine
934 1527 992 1584 line
1009 1543 1073 1584 cum
1096 1544 1131 1585 eo
1153 1545 1324 1600 regnemus.
1343 1530 1444 1585 Ascen-

853 1599 953 1656 damus
977 1616 1041 1655 cum
1066 1599 1178 1657 Christo
1204 1601 1329 1658 interim
1353 1599 1444 1667 corde,

205 1600 309 1684 dignis,
322 1600 509 1670 dilectissimi,
525 1599 697 1657 exsultemus
722 1615 793 1669 giru-

226 1673 232 1684 '
853 1675 882 1740 ut
897 1687 961 1726 cum
976 1671 1037 1728 dies
1052 1671 1211 1743 promissus
1226 1671 1397 1740 advenerit,
1405 1685 1444 1726 se·

205 1673 270 1744 dus,
284 1678 313 1731 et
330 1673 379 1746 pia
402 1671 559 1744 gratiarnm
583 1670 696 1727 actione
712 1671 793 1726 laete·
818 1698 820 1713 ι

206 1760 278 1801 mur.
298 1745 387 1800 llodie
403 1743 478 1799 enim
495 1759 552 1798 non
565 1742 655 1797 solum
667 1741 793 1812 paradisi
818 1742 820 1815 J
853 1757 973 1813 quamur
991 1748 1018 1798 et
1037 1759 1156 1810 corpore
1172 1767 1179 1802 ι
1196 1765 1212 1794 »
1228 1745 1295 1802 haec
1308 1745 1444 1811 Anauro-

205 1831 383 1885 possessores
397 1813 501 1870 firmati
518 1827 628 1881 sumus3
645 1813 694 1868 sed
711 1813 793 1870 coelo·
851 1830 913 1870 nus.
930 1813 1009 1871 Unde
1024 1813 1110 1870 etiam
1125 1816 1273 1885 Gregorius
1291 1835 1301 1874 c
1318 1819 1442 1886 «Igitur,

204 1902 267 1943 rum
282 1887 368 1943 etiam
384 1887 413 1942 in
428 1885 539 1942 Christo
558 1900 681 1956 superna
703 1900 791 1954 pene·
818 1898 819 1911 ¹
851 1885 954 1942 iratres
970 1885 1121 1956 carissimi,
1136 1893 1249 1959 oportet
1265 1895 1301 1946 ut
1319 1888 1389 1944 illuc
1406 1901 1442 1941 sc·

203 1957 348 2026 travimus,
367 1955 507 2030 ampliora
528 1955 624 2029 adepti
650 1971 700 2028 per
722 1955 792 2013 incl·
817 1982 819 2023 i
850 1971 972 2027 quamur
986 1961 1082 2026 corde,
1099 1960 1146 2016 ubi
1165 1975 1232 2016 eum
1250 1975 1380 2044 corpore
1398 1972 1441 2013 as·

202 2029 317 2088 labilem
342 2028 448 2087 Christi
471 2027 605 2101 gratiam,
631 2044 716 2100 quam
740 2043 792 2101 per
817 2050 818 2065 ¹
849 2027 979 2085 condisse
995 2029 1160 2087 credimus:
1182 2031 1332 2089 desideria
1354 2037 1439 2087 terre·

201 2100 306 2160 diaboli
326 2101 516 2160 amiseramus
541 2099 686 2157 invidiam.
708 2101 789 2162 Nam,
816 2084 818 2165 l
849 2115 887 2157 na
902 2099 1051 2171 l'ugiamus,
1069 2101 1139 2158 uihil
1159 2103 1220 2174 jam
1243 2119 1299 2160 nos
1320 2103 1440 2159 delectet

201 2189 274 2246 quos
288 2175 447 2232 virulentus
466 2171 600 2230 inimicus
611 2171 696 2245 primi
712 2171 791 2229 habi·
816 2190 818 2243 Ι
849 2170 878 2228 in
898 2171 1015 2240 intimis,
1033 2175 1080 2244 qui
1102 2176 1216 2231 Patrem
1242 2175 1390 2232 habemus
1413 2171 1437 2226 in
1525 2231 1526 2242 χ

201 2245 285 2303 taculi
302 2246 436 2303 lelicitate
451 2245 565 2314 de'ecit,
584 2261 634 2301 eos
648 2241 701 2300 sibi
720 2260 789 2300 con·
815 2254 818 2310 1
849 2243 944 2311 coelis;
962 2250 990 2300 et
1003 2243 1025 2300 si
1042 2245 1339 2302 adhuchictenemur
1353 2245 1384 2302 in
1397 2242 1437 2298 in·

200 2324 366 2386 corporatos
382 2317 431 2374 [lei
451 2315 481 2373 Fi
494 2318 537 2375 ius
554 2318 590 2374 ad
608 2314 702 2374 Patris
721 2316 789 2372 dex·
815 2311 818 2342 '
849 2315 983 2372 firmitate
1001 2315 1139 2388 corporis,
1163 2333 1325 2388 sequamur
1345 2321 1437 2372 tamen

200 2393 290 2445 teram
307 2387 465 2444 collocavit.
815 2368 818 2445 i
848 2401 912 2442 eum
928 2386 1058 2458 passibus
1071 2387 1186 2446 amoris.
1203 2391 1266 2444 lton
1280 2386 1434 2464 autemde3

240 2481 271 2534 ¹9
300 2461 358 2516 Con
377 2476 502 2516 nosrnolr
520 2475 675 2514 accennare
704 2475 789 2516 nnenr
847 2457 916 2514 serit
940 2458 1112 2516 desiderium
1138 2465 1279 2529 nostrum,
1304 2461 1368 2533 ipse
1391 2472 1435 2528 qur

200 2547 253 2586 cnir
275 2531 404 2586 Cnnrsro.
421 2559 454 2567 —
469 2528 624 2585 Audiamus
648 2533 676 2585 et
691 2531 788 2598 itaqu·
847 2529 1411 2590 dcdltlesusChristusllominusnosler:
1423 2549 1433 2576 l

199 2604 304 2658 atinum
318 2603 354 2658 de
368 2603 422 2656 hae
440 2599 592 2656 testivitate
608 2598 648 2654 sic
664 2601 788 2670 loquen-
814 2616 816 2685 g
846 2602 908 2657 haec
928 2602 1084 2671 Creporr'as.
1105 2605 1240 2660 Ascendit
1264 2619 1338 2675 ergo
1354 2599 1433 2658 Chri·

199 2675 257 2729 tent
272 2689 279 2730 ε
295 2691 309 2726 c
324 2671 424 2742 llodie,
440 2673 514 2727 sicut
526 2668 657 2740 audistis,
674 2671 786 2744 tratres,
813 2688 816 2707 ·

199 2743 337 2802 Dominus
352 2745 435 2802 Jesus
460 2743 592 2799 Christus
614 2742 742 2799 ascendit
755 2744 786 2800 in

198 2816 320 2886 coelum;
336 2815 473 2873 ascendat
490 2829 553 2872 cum
566 2814 613 2870 lllo
625 2819 653 2870 et
669 2831 718 2870 cor
733 2833 785 2872 uo-

197 2891 298 2944 slrum.
318 2887 394 2948 Sicut
419 2886 494 2944 enim
516 2885 563 2942 ille
577 2885 716 2955 ascendit,
733 2903 785 2944 nec

196 2960 313 3018 recessit
328 2977 345 3017 a
362 2958 459 3028 nobis;
473 2957 514 3015 sic
528 2966 556 3016 et
571 2975 624 3014 nos
647 2975 711 3014 curn
735 2959 784 3016 illo

192 3031 253 3102 jam
269 3030 367 3100 simus,
385 3030 516 3104 quamvis
531 3031 657 3086 nondum
673 3028 703 3086 in
723 3047 785 3086 cor-

195 3117 264 3173 pore
280 3103 444 3186 nostrojam
455 3103 562 3158 lactum
574 3104 611 3158 sit
626 3101 702 3184 quod
716 3117 782 3174 pro-

195 3172 318 3232 mittitur
331 3177 423 3232 nobrs.
440 3175 509 3231 Cum
524 3173 653 3230 ascendit
674 3174 702 3228 in
724 3189 783 3229 cce·

845 2751 978 2816 provocet
989 2745 1122 2802 allectum
1138 2746 1250 2814 mundi,
1259 2753 1288 2803 et
1301 2751 1364 2804 tolo
1376 2759 1431 2800 cor·

844 2815 880 2872 de
906 2831 971 2872 cum
995 2816 1199 2875 desideremus.
1220 2820 1255 2875 Et
1271 2817 1352 2882 ideo,
1370 2830 1430 2887 qua

842 3029 965 3101 piamus,
987 3031 1082 3102 quoad
1108 3033 1162 3088 vim
1184 3032 1359 3090 affectivam.
1386 3027 1427 3110 Sic

842 3103 970 3158 ascendit
984 3103 1070 3158 corde
1090 3105 1171 3161 rnllcs
1190 3105 1317 3178 quidam,
1336 3103 1384 3176 qui
1400 3115 1426 3156 m

843 3174 970 3246 partibus
994 3175 1189 3232 ultramarinis
1208 3175 1306 3232 omnia
1320 3176 1385 3233 loca
1401 3171 1425 3226 in

842 3245 944 3315 quibus
959 3247 1089 3302 Salvator
1111 3252 1209 3304 noster
1228 3247 1328 3308 luerat.
1350 3243 1424 3303 solli·

593 3316 781 3398 quodamino3
808 3321 811 3413 Λ
841 3315 895 3372 cite
912 3333 975 3372 cuur
994 3317 1126 3392 lacrymis
1143 3317 1283 3389 visitavit3
1306 3324 1335 3375 et
1361 3317 1422 3372 duur

196 3243 266 3314 lum,
282 3263 334 3304 nos
346 3247 382 3304 ab
399 3245 447 3302 illo
461 3262 518 3302 non
532 3259 708 3372 separamur.
721 3247 782 3301 h'on
810 3286 811 3306 .

562 3336 570 3372 (

195 3317 559 3386 nobisinvidetcoelum;sc

194 3388 231 3445 do
252 3391 381 3446 clamat:
405 3393 466 3447 blaa
490 3389 619 3445 membra
637 3391 737 3456 estote,
758 3405 781 3444 sl
808 3420 811 3443 t
840 3389 936 3444 omnia
955 3395 1054 3446 sancta
1079 3391 1141 3448 loca
1159 3391 1260 3448 devota
1284 3385 1423 3463 perquisi-

193 3462 347 3518 ascendere
369 3461 452 3517 vultis
478 3457 507 3515 in
538 3459 650 3515 coelum.
672 3461 703 3514 ln
728 3459 781 3516 hoc
808 3446 811 3519 l
839 3459 936 3528 visset,
952 3463 1051 3518 ultimo
1071 3463 1148 3518 venit
1170 3462 1199 3518 in
1216 3467 1343 3518 montem
1368 3457 1422 3516 Oli·

193 3547 261 3604 ergo
287 3548 387 3590 omnes
413 3530 525 3588 interim
555 3531 733 3612 roboremur,
751 3531 781 3587 in
839 3530 893 3587 veti
908 3532 982 3588 unde
997 3533 1131 3590 Dominus
1143 3533 1282 3600 ascendit,
1300 3532 1346 3590 ubi
1361 3533 1420 3610 post

191 3603 246 3660 hoc
261 3605 334 3661 votis
356 3603 489 3661 omnibus
504 3607 667 3667 aestuemus,
683 3617 711 3656 rn
727 3603 780 3659 hoc
838 3601 951 3672 longam
971 3603 1130 3661 orationem
1152 3621 1217 3662 cnm
1236 3603 1370 3676 lacrymis
1385 3601 1420 3678 ‘¹¹5

191 3675 403 3734 meditemurin
419 3673 607 3744 terris3quod
624 3671 778 3744 aliquando
836 3673 876 3729 xit
897 3691 903 3729 :
922 3675 1001 3742 Ecce,
1028 3677 1157 3744 Domine,
1174 3675 1279 3748 ubique
1305 3671 1417 3744 quaesiu

191 3749 427 3828 computemurin
441 3745 566 3804 ecelisEt
576 3744 624 3817 qui
639 3749 705 3800 tune
717 3760 781 3801 eru·
806 3722 809 3799 i
837 3751 864 3800 te
879 3744 1040 3814 diligenter,
1055 3748 1214 3819 usquedum
1235 3745 1362 3804 venerim
1383 3743 1415 3824 ad

190 3819 245 3872 turr
260 3833 357 3874 sumus
372 3835 487 3876 carnem
503 3816 777 3886 mortalitatis,nunc
835 3817 928 3872 locum
955 3817 1001 3873 uhi
1029 3819 1115 3876 coelos
1139 3818 1300 3876 ascendisti.
1323 3821 1416 3875 nescio

188 3889 598 3948 eruamurauimaevetustate.
614 3890 705 3946 Facile
717 3905 777 3944 cor·
835 3889 881 3944 ubi
896 3888 1017 3960 amplius
1041 3899 1069 3946 te
1091 3889 1247 3962 requiram,
1260 3889 1330 3962 jube
1353 3901 1415 3958 ergo

185 3974 239 4030 pus
267 3960 407 4018 levabitur
435 3961 466 4018 in
494 3965 550 4018 alta
580 3963 727 4028 coelorum,
751 3960 775 4016 si
834 3958 964 4030 spiritum
981 3977 1076 4018 meum
1091 3961 1207 4035 suspici,
1223 3967 1252 4018 ut
1270 3961 1305 4017 ad
1322 3961 1413 4017 dexte·

184 4045 241 4088 non
262 4039 375 4102 premat
397 4031 528 4104 spiritum
543 4032 657 4088 sarcina
677 4047 777 4102 pecca·
833 4047 894 4087 ram
910 4031 1001 4088 Patris
1026 4033 1138 4090 videam
1158 4039 1185 4090 te
1200 4034 1373 4090 residentem
1387 4029 1412 4085 in

184 4105 289 4160 torum.
300 4122 313 4155 »
326 4104 359 4158 Et
371 4101 473 4160 iterum
489 4121 496 4158 ε
511 4125 524 4156 o
538 4105 690 4171 Qvtia'vero
704 4109 774 4158 tem·
831 4101 931 4172 pluria.
950 4105 981 4159 El
997 4103 1041 4160 his
1069 4105 1162 4174 dictis,
1178 4104 1308 4176 spiritum
1336 4114 1411 4160 suum

181 4173 272 4248 porali
288 4173 391 4234 Christi
416 4175 571 4246 praesentia
591 4176 696 4232 viduati
724 4191 771 4228 su·
829 4173 889 4230 sine
908 4175 1006 4230 dolore
1026 4177 1159 4234 reddidit.
1178 4177 1222 4234 Sic
1237 4183 1266 4233 et
1289 4191 1341 4230 nos
1361 4175 1410 4232 De·

182 4261 257 4318 mus,
273 4247 309 4306 ad
324 4255 460 4305 eternam
479 4247 539 4318 ejus
559 4246 697 4302 visionem
711 4249 771 4302 tola
829 4245 936 4303 minum
956 4263 1006 4318 per
1019 4246 1130 4322 singula
1145 4265 1195 4306 sua
1211 4261 1299 4319 opera
1312 4250 1341 4302 et
1357 4249 1411 4300 vir·

182 4315 340 4378 intentione
353 4317 518 4376 festinemus
527 4317 610 4389 eique
622 4319 766 4374 ilii-amus:
828 4321 917 4374 tulum
932 4318 1065 4375 exercitia
1076 4335 1247 4391 quaeramus,
1257 4323 1287 4374 ut
1300 4317 1410 4374 landem

184 4391 247 4447 Tibi
259 4394 334 4450 dicit
346 4409 391 4450 cor
401 4409 499 4457 meum,
516 4392 668 4462 ccepuisiott
681 4395 707 4444 te
719 4391 767 4456 so·
791 4384 794 4457 ,ἔ
825 4389 941 4446 adeum
960 4391 1116 4448 ascendere
1134 4395 1286 4449 valeamus.

846 2677 949 2741 stus,ut
960 2672 1098 2744 corporali
1110 2674 1260 2744 praesentia
1272 2677 1429 2735 subtracta,
1523 2739 1524 2750 ἶ

844 2893 1044 2944 sursumsunt
1070 2904 1242 2961 quaeramus,
1258 2890 1357 2961 quoad
1378 2889 1429 2940 vini
1523 2919 1524 2962 ,

844 2959 1061 3028 intellectivam;
1083 2977 1146 3032 quae
1163 2977 1275 3018 sursum
1300 2965 1370 3018 sunt
1388 2975 1428 3013 sn·
1523 2965 1524 3000 l
