3124 5038
297 447 336 500 us
364 446 566 500 Asueustote
597 445 713 498 llUlllNl
740 447 859 500 bostut
887 448 962 500 test·
992 447 1135 500 Cttttlsrt.
1283 447 1332 502 25³

80 553 223 614 Domino
236 551 369 608 dicente:
383 555 485 608 Euutes
506 553 537 606 in
555 551 688 606 muudum
712 549 715 621 l
743 551 772 608 in
786 551 834 610 tali
850 568 978 622 corpore.
995 551 1075 609 Unde
1089 569 1148 609 non
1160 569 1255 621 curru,
1273 569 1329 610 uon

78 629 266 687 uniuersum.
280 624 686 694 pradicotelluoupeliumom-
712 636 714 663 ¹
743 623 856 695 Angelis
876 623 1040 706 sublevatus
1062 623 1175 706 legitur,
1192 623 1259 696 quia
1278 626 1326 694 qui

80 701 122 753 ni
140 701 296 762 creaturan
311 710 344 750 ert
356 700 423 750 tunc
435 695 524 758 enim,
538 696 568 748 t'n
581 710 686 749 omnem

81 775 202 824 terrum
228 768 317 822 sciuit
332 781 414 822 sunus
441 781 543 828 eorum,
559 771 687 822 attamen

80 846 160 912 post
196 835 318 910 Spiritus
352 838 447 893 Sancti
479 834 684 908 receptionem.

84 914 226 980 Cumque
243 909 396 980 psallerent
410 913 468 964 tam
486 907 586 980 Angeli
601 923 687 979 quam

85 985 205 1040 animae
221 982 322 1044 beatae,
340 977 475 1036 Dominus
494 977 601 1050 junctis
621 994 687 1036 ma-

88 1053 185 1110 nibus
198 1052 298 1108 devote
312 1057 341 1108 et
363 1067 475 1107 sursum
499 1055 566 1106 ante
589 1055 688 1122 pectus

90 1123 216 1190 erectis,
231 1129 260 1180 et
278 1123 420 1180 nubecula
440 1123 493 1179 sub
513 1121 633 1204 pedibus
655 1137 687 1178 a·

91 1195 223 1254 scendit.
235 1198 262 1251 et
278 1209 379 1250 omnes
400 1193 476 1252 beati
502 1192 586 1248 stmili
602 1193 687 1249 modo

89 1269 207 1340 junctis
221 1265 353 1322 manibus
369 1281 433 1322 cum
453 1267 573 1322 Domino
586 1279 687 1321 ascen-

95 1340 218 1397 derunt.
240 1337 361 1394 Domino
388 1343 484 1393 autem
506 1336 685 1404 ascendente,

94 1412 221 1482 quidam
231 1408 309 1464 chori
327 1409 500 1480 Angelorum
515 1409 606 1479 ipsum
617 1423 689 1479 prse-

96 1481 255 1548 cedebant,
270 1479 386 1552 quidam
412 1480 616 1551 sequebantur,
639 1477 688 1535 alii

95 1572 115 1612 a
130 1551 287 1620 destris,et
299 1553 348 1608 alii
362 1567 379 1608 a
393 1549 516 1608 sinistris
522 1568 530 1619 ;
547 1566 612 1607 cum
627 1551 688 1621 ipso

97 1624 314 1682 comitabantur
337 1623 433 1691 simul,
452 1627 480 1680 et
508 1637 572 1678 cum
597 1622 689 1678 beatis

97 1695 264 1754 animabus.

142 1791 170 1824 ιι
186 1769 320 1824 Ascsumr
332 1766 456 1820 Doumns
467 1781 584 1822 reorum
597 1781 689 1821 vmru·

98 1857 145 1908 re,
155 1855 211 1895 uos
228 1853 350 1894 sussrnro
364 1852 474 1892 astruo.
495 1867 528 1878 -
543 1835 690 1892 Ascende·

99 1911 152 1968 bat
167 1925 235 1966 vero
250 1909 388 1966 Dominus
401 1907 486 1980 plane
511 1913 540 1964 et
563 1923 689 1976 morose,

100 1989 221 2056 propter
244 1979 470 2036 consolationem
486 1977 582 2036 blatris
597 1985 626 2036 et
648 1978 689 2034 di·

102 2052 290 2125 scipulorum,
304 2066 452 2122 quousque
464 2056 595 2121 poterant
612 2049 689 2106 vide·

102 2141 135 2182 re
146 2139 222 2182 eum.
233 2127 268 2179 Et
279 2131 347 2178 tunc
358 2123 487 2194 quaedam
498 2123 583 2179 nubes
599 2119 692 2178 lucida

105 2205 135 2252 et
163 2193 296 2261 candida,
312 2197 431 2266 suscepit
459 2209 519 2249 eum
547 2194 691 2250 obsculis

104 2284 198 2324 eorum
224 2265 394 2335 carnalibus,
409 2266 476 2336 quia
495 2263 623 2322 claritate
638 2281 690 2320 nu·

105 2339 149 2396 bis
161 2337 362 2404 circumdatus,
378 2336 496 2393 ulterius
516 2352 575 2392 non
589 2341 634 2392 est
648 2333 691 2390 ri-

105 2425 155 2467 sus
168 2427 176 2478 3
191 2417 221 2466 ut
236 2409 282 2479 qui
299 2408 443 2466 Christum
463 2409 619 2464 secundum
633 2423 692 2463 car·

106 2497 173 2539 nem
188 2483 337 2546 nouerant,
354 2478 427 2536 ultra
439 2479 499 2552 jam
515 2481 555 2536 sic
566 2495 624 2535 nou
639 2495 690 2536 no·

106 2557 230 2610 suerent.
250 2551 384 2608 Ascendit
398 2551 536 2621 usquead
552 2551 643 2607 nubes
657 2565 692 2607 ea

106 2625 200 2681 torma
215 2638 299 2694 quam
314 2629 380 2679 ante
395 2621 560 2678 Passionem
575 2621 689 2691 habuit;

107 2707 253 2767 susceptus
279 2702 373 2751 autem
398 2693 566 2760 anubibus,
582 2709 616 2750 ea
657 2709 691 2749 ua

107 2767 136 2823 in
152 2772 248 2823 monte
262 2764 494 2838 apparuitouasi
504 2767 532 2820 in
547 2711 693 2836 globatim·

105 2837 172 2911 julae
190 2837 274 2894 nubis
288 2837 426 2905 ascendit,
441 2852 498 2892 non
512 2852 564 2908 per
577 2836 692 2892 modum

109 2907 694 2980 uehiculi,etquasiadascendendumege·

111 2989 153 3038 ret
170 2978 328 3037 ministerio
346 2981 519 3051 Angelorum
536 2980 579 3034 vel
600 2981 691 3050 nubis,

111 3051 240 3126 quiasua
265 3049 379 3123 propria
403 3050 505 3106 virtute
530 3049 692 3120 terebatur;

112 3124 160 3182 sed
172 3139 223 3196 per
235 3123 350 3179 modum
360 3120 508 3190 obstaculi,
516 3129 547 3178 ut
558 3121 594 3178 ab
605 3121 693 3178 oculis

113 3193 272 3252 mortalium
287 3192 408 3265 amplius
421 3209 477 3250 non
493 3192 648 3262 videretur,
664 3197 693 3250 et

113 3273 144 3324 ut
159 3283 209 3339 per
227 3267 282 3322 hoc
297 3267 503 3332 ostenderetur,
519 3263 586 3346 quia
600 3266 693 3321 omnis

112 3346 240 3395 creatora
253 3342 350 3409 parata
361 3343 403 3394 est
418 3337 537 3408 obsequi
547 3353 597 3392 suo
607 3336 692 3393 Crea-

114 3409 185 3466 tori:
202 3409 291 3465 nubes
306 3410 383 3464 enim
398 3425 460 3479 quae
474 3407 614 3465 subtraxit
627 3423 693 3465 eum

114 3481 149 3539 ab
161 3479 249 3537 oculis
262 3479 485 3552 inspicientium,
497 3485 525 3536 et
540 3479 639 3552 Angeli
650 3495 695 3537 as·

115 3553 241 3608 sistentes
254 3550 293 3609 ibi
312 3551 509 3618 ostendebant,
525 3551 601 3630 qood
617 3567 693 3608 crea·

115 3631 175 3680 tura
191 3623 347 3695 corporalis
357 3627 385 3679 et
399 3620 554 3694 spiritualis
568 3623 695 3694 subjecta

115 3703 156 3752 est
174 3695 311 3765 obsequio
327 3692 442 3752 Christi.
460 3695 493 3748 ut
507 3700 575 3749 tunc
589 3693 619 3750 in
636 3710 695 3750 mo·

116 3771 207 3823 mento
226 3781 291 3822 cum
315 3765 447 3822 omnibus
463 3763 579 3836 Angelis
594 3769 622 3821 et
635 3765 694 3820 Pa-

117 3836 202 3895 tribus
217 3836 321 3894 sanctis
335 3844 398 3894 erat
415 3836 445 3892 in
466 3839 558 3906 patria
573 3837 695 3892 coelestis

116 3907 305 3966 beatitudinis.
329 3906 462 3965 Ascendit
482 3923 551 3979 ergo
567 3907 695 3966 Christus

115 3986 143 4037 et
154 3995 203 4052 per
217 3982 322 4038 nubem
331 3980 417 4037 coelos
426 3987 580 4052 penetrans
589 3995 695 4036 assum·

116 4055 174 4124 ptus
195 4057 238 4108 est
264 4052 293 4109 in
321 4053 424 4110 coelum
453 4051 620 4119 aethereum,
644 4067 694 4107 seu

117 4137 275 4196 empyreum
303 4139 361 4180 non
389 4121 492 4178 virtute
516 4124 624 4192 aliena,
645 4123 694 4178 sed

117 4195 228 4267 propria
246 4211 253 4250 t
273 4197 334 4252 tum
357 4196 467 4251 ratione
490 4193 614 4262 deitatis,
631 4209 694 4264 quae

116 4265 208 4324 onnia
231 4271 343 4338 potest;
358 4270 419 4322 tum
434 4263 544 4322 ratione
561 4265 694 4321 humaui·

116 4336 177 4394 tatis
200 4336 344 4410 gloriosa,
370 4341 509 4408 quantum
530 4336 566 4393 ad
587 4344 695 4394 motum

118 4408 230 4468 localem
242 4425 294 4482 per
304 4407 401 4466 dotem
415 4407 561 4480 agilitatis,
577 4423 641 4482 qua
652 4415 696 4466 est

744 695 849 752 lecerat
864 711 970 762 omma,
987 711 1072 764 super
1090 711 1185 751 omnia
1199 712 1251 754 soa
1265 698 1327 752 rir-

743 773 803 824 tute
818 769 970 824 terebatur.
988 767 1102 822 Henoch
1122 782 1189 822 vero
1209 769 1245 824 ab
1264 769 1327 824 An-

742 837 814 910 gelis
839 838 992 894 translatus
1018 845 1072 906 est,
1088 843 1116 894 et
1142 837 1216 894 Elias
1243 855 1327 896 curru

743 911 894 966 subvectus
908 907 992 966 estin
1008 911 1112 966 coelum
1125 925 1253 978 aereum,
1268 925 1325 966 noo

742 979 845 1038 virtute
865 979 1004 1063 propria:
1020 983 1087 1053 quia
1113 981 1242 1037 homines
1264 982 1327 1053 puri

743 1058 836 1120 erant,
852 1059 881 1109 et
906 1059 1010 1108 virtute
1038 1051 1203 1124 indigebant
1223 1051 1326 1116 aliena,

743 1129 772 1180 et
787 1123 855 1195 quia
870 1139 971 1181 eorum
986 1139 1106 1196 corpora
1120 1124 1249 1181 nondum
1264 1129 1330 1180 sunt

743 1195 912 1323 glorificata.
929 1196 1048 1252 Stabant
1067 1201 1163 1252 autem
1188 1197 1277 1252 Mater
1302 1201 1331 1252 et

764 1265 887 1338 scipuli,
903 1273 931 1323 et
956 1266 1135 1337 magdalena,
1152 1271 1181 1322 et
1205 1265 1253 1322 alii
1281 1266 1329 1322 in-

745 1346 856 1395 tuentes
890 1339 918 1393 in
946 1337 1047 1394 coelum
1075 1345 1192 1395 cuntem
1224 1337 1327 1406 illum,

744 1408 879 1538 quamdiu
892 1409 1048 1482 apparebat
1055 1408 1143 1466 oculis
1155 1425 1263 1466 eorum.
1276 1410 1330 1466 Un-

764 1497 780 1538 e
794 1481 956 1538 Ambrosius
972 1500 980 1536 :
997 1499 1011 1533 u
1028 1481 1145 1537 Stabant
1162 1480 1239 1537 beati
1256 1481 1327 1552 Apo·

745 1552 810 1608 stoli
826 1559 886 1608 toto
901 1550 1031 1622 suspensi
1044 1567 1175 1624 corpore,
1189 1559 1218 1608 et
1231 1567 1330 1608 ascen·

745 1624 858 1680 dentem
873 1624 910 1680 ad
924 1624 1027 1680 coelunt
1037 1624 1199 1692 Dominum,
1210 1621 1277 1694 quia
1288 1621 1331 1678 in·

745 1712 826 1752 cesso
841 1711 900 1752 non
916 1702 1056 1766 poterant,
1071 1693 1161 1750 oculis
1174 1694 1329 1766 sequeban-

746 1775 801 1824 tur.
815 1769 849 1822 Et
864 1766 929 1823 licet
941 1767 979 1823 ad
993 1765 1192 1822 deducendum
1204 1767 1329 1822 Salvato-

746 1855 807 1896 rem
833 1837 904 1895 visio
935 1839 1061 1896 humana
1091 1836 1236 1908 deiecerit,
1264 1835 1329 1892 lidoi

746 1915 842 1966 tamen
863 1910 975 1966 devotio
988 1925 1045 1966 non
1060 1907 1167 1966 deficit.
1184 1910 1277 1980 Usque
1292 1907 1329 1964 ad

747 1982 850 2038 nubem
863 1983 939 2038 enirn
952 1981 1097 2038 deducunt
1110 1979 1252 2037 Christum
1265 1995 1330 2036 ocu·

746 2054 792 2118 lis,
808 2055 947 2124 usquead
963 2053 1049 2110 coelos
1060 2055 1229 2108 autemcum'
1245 2052 1329 2108 Chri-

746 2133 790 2180 sto
805 2123 871 2180 lidei
888 2125 1037 2180 devotione
1048 2121 1231 2180 comitantur.
1250 2121 1328 2178 Unde

746 2195 787 2252 ait
801 2194 961 2267 Apostolus,
977 2194 1071 2252 sciens
1092 2193 1179 2250 fidem
1200 2198 1328 2250 nostram

746 2265 775 2322 in
795 2265 875 2323 coelis
893 2282 956 2324 esse
975 2283 1038 2324 cum
1059 2264 1179 2322 Domino
1201 2283 1208 2320 :
1229 2267 1330 2324 Nostro

746 2343 837 2394 autern
852 2341 1020 2394 concammio
1030 2339 1061 2392 in
1073 2337 1147 2393 culis
1157 2342 1198 2392 est
1211 2355 1220 2392 r
1236 2355 1249 2388 »
1266 2337 1328 2392 haeu

746 2410 918 2466 Ambrosius.
939 2410 961 2467 0
986 2408 1055 2481 quid
1074 2411 1134 2464 erat
1155 2407 1251 2464 videre
1269 2409 1330 2464 Do—

747 2480 856 2538 minum
868 2480 908 2538 sic
918 2481 1042 2553 gloriose
1053 2479 1272 2537 ascendentem?
1286 2481 1330 2542 Et,

747 2551 771 2610 si
789 2552 852 2624 quis
869 2552 1007 2624 potuisset
1027 2551 1127 2608 audire
1144 2557 1172 2608 et
1186 2550 1282 2608 videro
1296 2549 1329 2606 il-

747 2625 790 2681 los
809 2623 990 2682 beatissimos
1016 2623 1144 2696 spiritus,
1170 2627 1198 2680 et
1221 2621 1331 2680 animas

748 2703 860 2752 sanctas
876 2713 940 2753 cum
968 2713 1002 2753 eo
1025 2695 1132 2768 pariter
1153 2693 1330 2762 incedentes,

748 2767 820 2824 iorte
834 2783 892 2838 prae
911 2767 1015 2840 gaudio
1029 2769 1126 2823 anima
1146 2763 1222 2822 illius
1236 2783 1252 2822 a
1268 2782 1330 2820 cer·-

749 2855 816 2910 pore
841 2847 972 2908 separata
993 2839 1100 2894 luisset.
1116 2843 1146 2893 et
1166 2853 1231 2894 cum
1247 2835 1287 2892 eis
1302 2855 1331 2892 c·

747 2909 816 2966 tiam
829 2913 937 2980 pariter
951 2907 1135 2965 ascendisset.

787 3001 817 3037 rs
833 2983 1003 3036 Auuenortuu
1032 2995 1185 3047 srrrnmto,
1202 2995 1248 3041 our
1264 2995 1331 3034 suu-

747 3069 827 3108 rrsur
841 3053 978 3110 Cnursruu
1006 3068 1132 3108 ruorcsse
1146 3067 1290 3106 verruncu
1306 3067 1333 3106 m

749 3141 838 3182 rosus
862 3141 982 3180 uorsus.
999 3153 1035 3165 —
1061 3124 1183 3193 Cumque
1201 3122 1259 3192 jam
1280 3123 1334 3177 llo·
1418 3167 1423 3176 .

750 3195 844 3252 minus
866 3197 1030 3254 subtractus
1052 3199 1128 3250 esset
1146 3192 1182 3249 ab
1198 3193 1286 3249 oculis
1306 3196 1334 3248 et

749 3275 902 3338 conspectu
921 3281 1033 3334 eorum,
1050 3265 1144 3321 adbuc
1162 3268 1258 3320 tamon
1271 3279 1331 3320 sus·

749 3343 845 3412 pensis
869 3337 1005 3405 vultibus,
1026 3339 1197 3392 intuerentur
1221 3337 1250 3390 t'u
1278 3351 1335 3391 noe-

750 3413 806 3466 lum
820 3415 927 3466 euntes
940 3411 1032 3476 illum,
1041 3425 1099 3463 ecce
1113 3413 1261 3478 propterca
1277 3407 1332 3462 duo

749 3485 814 3550 uiri,
833 3480 941 3542 scilicet
967 3479 1068 3552 Angeli
1092 3478 1124 3535 in
1145 3478 1236 3534 torma
1255 3476 1333 3534 riuo-

749 3569 813 3611 rum
826 3558 959 3610 steterunt
972 3553 1059 3623 justo
1083 3551 1148 3606 illus
1168 3552 1198 3604 iu
1213 3549 1333 3604 uestibus

749 3627 831 3690 albis,
847 3631 880 3682 ut
903 3623 1057 3697 gratulatio
1079 3625 1286 3678 monstraretur
1300 3636 1332 3676 es

751 3696 816 3768 ipsis
828 3696 1018 3764 indumentis;
1028 3697 1078 3765 qui
1090 3699 1116 3749 et
1130 3693 1261 3748 dicerunt
1274 3693 1331 3748 eis:

752 3771 815 3826 Viri
829 3769 947 3832 (latitet,
958 3767 1027 3838 quid
1041 3767 1123 3821 statis
1138 3765 1184 3819 hic
1199 3779 1249 3834 usp
1264 3766 1333 3819 eteu-

750 3846 788 3896 tss
813 3841 976 3895 iaculum?
1002 3836 1118 3894 Galtlaea
1132 3834 1331 3907 Apostolorum

749 3910 841 3983 patria
861 3911 922 3980 luit,
946 3910 1070 3965 undeet
1090 3909 1141 3963 riri
1168 3905 1275 3962 Gulilaei
1292 3906 1334 3962 di·

751 3987 863 4038 cuntur.
877 3984 916 4038 Ac
931 3981 955 4037 si
970 3980 1121 4037 dicerent:
1141 3977 1227 4036 Statis
1245 3979 1292 4034 bic
1306 3983 1334 4034 et

750 4053 779 4109 io
796 4053 900 4109 ooelom
915 4051 1052 4123 aspicitis,
1068 4051 1149 4134 quasi
1168 4049 1248 4106 obliti
1265 4048 1332 4120 quid

751 4125 845 4181 lacere
863 4123 1000 4181 debeatis.
1018 4122 1119 4180 Redite
1133 4125 1160 4178 in
1174 4120 1334 4188 Civitatem,

750 4203 780 4253 et
806 4203 967 4268 exspectate
993 4193 1211 4266 promissionem
1232 4192 1332 4259 Patris,

751 4268 824 4325 sicut
839 4267 946 4324 dictum
962 4277 1004 4325 est
1017 4265 1105 4324 robis.
1122 4263 1266 4330 Recedite,
1283 4280 1334 4318 oco

751 4347 877 4414 spectate
889 4341 999 4408 lesum,
1016 4341 1046 4394 ut
1061 4335 1145 4395 modo
1159 4335 1257 4392 redeat
1271 4351 1277 4389 :
1291 4335 1336 4389 lttc

752 4411 828 4469 enim
842 4413 989 4483 lesus,qut
1003 4413 1160 4480 assumptus
1174 4411 1214 4462 est
1228 4421 1245 4460 a
1259 4403 1336 4461 uobis
