2974 5040
161 345 204 400 lOl
502 345 654 402 secutum
681 345 799 402 rtttrts
828 345 931 402 tarot
957 346 1046 404 txttt

157 457 254 514 lasum
266 454 446 529 designatur.
463 455 536 514 Caro
550 454 743 538 crucifigenda

159 533 210 596 est,
222 531 294 586 sicut
305 529 378 586 latro
392 529 501 594 denter,
512 533 544 584 ut
556 526 667 610 spiritur
680 529 744 584 sub·

156 597 273 670 ,lictatur
295 607 323 658 et
341 601 366 658 ei
387 599 556 660 consentiat.
570 605 650 670 pinta
674 598 744 656 illud

157 671 285 738 Apostoli
297 691 303 728 :
316 673 370 740 Qut
380 679 471 727 orclem
480 677 545 728 sunt
556 672 669 738 Christi,
679 687 743 726 cor·

158 759 219 798 nent
236 759 315 800 suom
330 747 527 814 mtcipnaaat
544 759 604 800 cum
623 745 702 799 uitiis
720 746 746 798 et

158 817 396 884 concupiscentiis,
408 815 527 872 llnnrlns
536 813 745 886 crucifigendus

157 891 199 941 ast
212 885 283 942 sicut
298 886 370 942 latro
384 885 510 952 sinister,
523 891 552 943 ut
567 887 641 942 bono
654 885 744 942 insul·

158 961 220 1012 tans
234 957 423 1028 relinquatur,
437 958 516 1029 Juxta
531 957 601 1014 illud
616 957 697 1029 eiusd
708 972 744 1014 m

158 1026 286 1099 Apostoli
299 1045 306 1083 τ
317 1031 389 1085 Mitti
402 1029 679 1098 munduscrucr'ttcus
692 1034 743 1097 est,

158 1103 183 1154 et
198 1114 246 1166 epo
263 1101 373 1156 mrrndo.
394 1099 456 1156 lstis
473 1100 634 1158 latronibus
646 1099 675 1157 in
691 1116 743 1157 no·

161 1168 203 1227 bis
216 1169 369 1239 crucifixis,
390 1169 505 1240 spiritus
525 1171 555 1228 in
574 1171 666 1229 medio
682 1189 754 1228 cru--

161 1241 292 1311 cillgrtur
308 1258 371 1299 rum
391 1242 513 1308 Christo,
529 1249 561 1300 ut
583 1243 660 1302 dicat
678 1259 743 1300 cum

161 1313 296 1383 Apostolo
311 1331 317 1370 :
330 1315 568 1382 Giristoeouttsus
580 1332 641 1370 sum
656 1318 741 1372 cruci.

165 1385 234 1440 Vico
253 1390 354 1448 nutem,
367 1386 430 1456 jam
449 1402 502 1442 non
519 1402 577 1455 epo,
595 1389 744 1443 viviscere

161 1457 191 1510 in
207 1471 248 1510 me
263 1457 397 1514 Christus.
413 1458 459 1512 Est
473 1463 567 1513 autem
584 1456 742 1526 sciendum,

162 1527 237 1609 qttorl
250 1527 323 1584 latro
338 1530 453 1586 sinister
468 1527 616 1584 crucifixus
629 1528 743 1655 flumem

162 1598 225 1667 luit,
247 1614 303 1654 nen
327 1606 422 1655 tamen
438 1599 574 1664 salvatus,
596 1615 626 1656 se
673 1614 744 1670 per-

162 1667 269 1724 mansit
283 1668 311 1725 in
333 1669 454 1738 pertidia
468 1685 535 1728 sua;
553 1669 593 1725 sic
609 1674 742 1740 mundus,

160 1739 223 1796 licet
244 1739 438 1812 cmciligatur,
456 1745 585 1796 nmanet
601 1746 697 1797 tamen
712 1740 743 1798 in

161 1809 343 1868 immunditia
367 1811 517 1882 sumcere
541 1818 636 1868 autem
653 1811 743 1869 cruci-

160 1881 215 1938 fixa
230 1881 356 1940 salvatur
372 1897 437 1939 cum
453 1879 565 1954 spiritu,
577 1881 645 1954 quia
659 1881 688 1940 iu
702 1900 744 1942 re·

158 1952 338 2036 surrectione
361 1969 409 2012 sur
429 1953 649 2038 glorificabitur,
668 1955 744 2012 unde

160 2025 264 2084 latroni
278 2027 376 2084 dextro
390 2024 459 2083 dixit
473 2028 554 2084 lesus
567 2045 575 2086 ι
589 2028 677 2085 Hodie
689 2044 743 2083 me-

161 2113 222 2156 cum
239 2101 294 2154 eris
319 2101 349 2155 in
364 2099 506 2171 paradiso.
538 2100 578 2156 nt
606 2101 744 2172 majorem

162 2170 744 2243 anteneridenuarnpredictnrurnscten-

163 2241 231 2298 dum
248 2250 293 2300 est
314 2242 389 2314 quod
411 2259 477 2298 crux
501 2242 597 2300 carnis
611 2241 745 2314 astriger

163 2311 331 2382 disciplinas,
354 2316 434 2381 cujus
452 2321 576 2383 quatuor
591 2319 657 2370 sunt
673 2315 745 2370 bra-

164 2382 239 2444 chia.
265 2383 397 2438 scilicet:
423 2382 531 2453 vigilia,
559 2383 744 2452 abstinentia,

165 2455 305 2524 asperitas
321 2454 438 2508 restium
453 2457 482 2508 et
503 2453 661 2524 disciplinas
682 2470 745 2510 ver-

165 2524 276 2580 berum.
305 2524 378 2581 Crux
400 2528 513 2592 autem,
540 2539 597 2594 qua
623 2526 746 2582 mundus

164 2593 351 2666 crucifigitur,
376 2599 420 2649 est
445 2600 596 2666 paupe-tas
620 2600 746 2668 spiritus,

164 2665 245 2746 errjus
273 2669 358 2721 etiem
379 2670 444 2721 sunt
470 2672 593 2736 quatuor
618 2667 745 2736 brachia,

163 2733 271 2792 scilicet
299 2753 305 2793 :
333 2741 513 2807 contemptus
537 2736 646 2809 gloriae,
662 2755 746 2812 pecu-

163 2805 229 2876 niae,
247 2805 347 2880 patriae
366 2813 395 2864 et
408 2810 573 2880 parentela.
592 2811 664 2868 Crux
678 2827 746 2868 vero

162 2878 278 2961 spiritus
299 2884 342 2936 est
365 2883 458 2937 terror
481 2880 651 2948 devotionis,
667 2883 746 2965 cujus

162 2949 295 3008 similiter
306 2956 373 3008 sunt
390 2956 513 3024 quatuor
527 2953 655 3022 brachia,
669 2953 744 3010 scili-

165 3025 210 3078 cet
224 3037 336 3098 samer,
349 3037 424 3094 spes,
437 3024 559 3080 timeret
573 3025 671 3092 dotor;
682 3039 746 3096 spes

164 3108 288 3164 sursum,
299 3091 387 3151 timor
401 3093 545 3162 drrorsurn,
554 3111 664 3153 amora
678 3095 746 3152 dex·

163 3163 226 3234 tris,
245 3165 328 3223 dolor
345 3181 363 3224 a
379 3165 511 3224 sinistris.
533 3167 621 3224 Radix
638 3173 745 3236 autem,

164 3253 197 3294 es
213 3237 381 3310 quaomnia
396 3239 456 3296 hac
472 3237 622 3310 pullulant,
638 3245 681 3296 ast
694 3254 747 3296 ca-

165 3309 748 3382 ritasundertpostolus:lacuritoterodi·

164 3381 748 3452 cetietsundotiestote‚utposst'ttscompre·

165 3451 291 3517 haedere,
300 3451 494 3506 concomitibus
507 3451 628 3521 Sanctis,
640 3468 700 3523 que
710 3454 749 3508 sil

164 3521 294 3582 lutitudo.
311 3519 630 3590 lonpitud0,sttbiimitos
642 3527 667 3577 et
680 3533 747 3595 pro·

162 3591 297 3660 standum
313 3589 363 3648 ubi
381 3591 502 3662 liguram
521 3593 613 3648 crucis
634 3598 663 3649 et
687 3594 749 3665 eius

164 3664 341 3732 mysterium,
354 3663 509 3720 secundum
522 3664 709 3734 deposcitum
721 3673 749 3722 et

164 3735 299 3802 Glossnm,
322 3732 466 3807 apti-:sime
495 3735 626 3808 exprimit
645 3737 748 3794 Paulus

163 3805 325 3886 Apostolus.
346 3836 382 3846 —
400 3805 441 3862 Ad
463 3809 700 3866 conformandum
718 3824 748 3865 se

160 3877 225 3932 ituro
251 3875 383 3945 articulo,
398 3877 538 3950 recogitet
561 3881 648 3936 homo
676 3895 747 3952 quo·

161 3945 246 4004 modo
260 3945 388 4004 Christus
399 3949 543 4020 pendebat
554 3953 584 4006 iu
599 3950 692 4008 medio
709 3951 748 4008 la·

160 4025 286 4084 tronum,
302 4023 331 4075 et
349 4017 476 4076 revolvat
498 4019 529 4076 in
547 4027 643 4078 mente
660 4021 747 4078 docu-

161 4095 289 4148 mentum
305 4094 333 4146 et
349 4096 429 4147 oret:
445 4091 579 4162 sesamo
591 4095 664 4149 inter
678 4093 748 4150 duos

163 4161 284 4220 latrones
309 4163 445 4232 crueitlpi,
471 4167 498 4218 ct
516 4178 576 4218 cum
608 4165 748 4222 coelectis

161 4237 289 4308 reputari
301 4235 427 4304 voluisti,
444 4231 482 4289 do
504 4235 637 4306 spiritum
660 4251 749 4292 mcum

163 4309 194 4362 in
220 4307 309 4364 medio
329 4307 422 4364 cornis
448 4309 474 4362 el
498 4305 596 4362 mundi
610 4309 746 4378 crucifici,

799 461 946 526 querentis,
960 457 1091 512 postremis
1105 455 1178 512 milri
1190 448 1387 522 mactmus

800 537 825 584 tc
838 528 927 583 madio
941 530 1141 598 conquiescam.

839 605 870 656 ill
884 601 987 656 Turum
999 601 1109 656 Cnnrsrt
1125 612 1315 656 incessimus
1331 609 1388 649 nn-

799 688 947 727 rentutren
966 688 998 726 ss
1017 688 1188 727 tersitem-
1208 670 1266 725 Nec
1288 677 1391 722 tamen

800 741 912 798 christo
926 741 1097 800 Deminnsic
1110 739 1307 815 angustiatos
1321 752 1391 820 eon·

800 813 876 870 ritiis
890 819 1025 885 perennc
1042 813 1103 883 sed,
1119 812 1195 885 quod
1208 825 1295 884 poena
1307 821 1392 880 pejus

799 882 1392 962 estpassnrnsunsannautundtquecrgc

801 959 1044 1026 circumundique
1067 955 1234 1029 opprobria,
1255 953 1391 1033 undique

799 1028 933 1086 convitia.
952 1029 1056 1086 Milites
1081 1043 1145 1095 erpo
1164 1029 1295 1097 quidam.
1311 1025 1393 1078 stili·

799 1108 841 1158 cet
867 1104 998 1171 quatuor,
1012 1116 1073 1155 ctrm
1087 1100 1297 1169 crucifixissent
1311 1111 1390 1156 eunt,

798 1178 961 1242 occeperunt
986 1173 1149 1228 vestimentu
1174 1170 1246 1239 ejas.
1266 1172 1389 1237 exe-pta

799 1243 912 1312 tunica;
944 1247 973 1300 et
1000 1244 1080 1314 juxte
1109 1255 1264 1320 numerum
1287 1253 1390 1311 persc-

800 1331 901 1372 narunt
926 1313 1083 1371 diviserunt
1109 1311 1164 1370 sibi
1188 1327 1223 1368 ea
1256 1327 1287 1366 tn
1313 1324 1392 1380 prm·

799 1388 892 1443 sentia
907 1401 968 1444 sua.
977 1391 1002 1440 ct
1014 1388 1137 1450 fecerunt
1146 1389 1269 1455 quotuor
1281 1389 1391 1453 partes,
1480 1422 1481 1425 ,

799 1461 948 1528 unicuique
967 1459 1054 1512 militi
1072 1465 1195 1524 portem;
1213 1460 1240 1509 et
1265 1455 1392 1533 tunicum

799 1531 975 1602 superiorem
987 1527 1118 1584 similiter
1128 1529 1394 1605 acceperuntlencz

801 1607 895 1671 partes
910 1597 1070 1672 praedictas,
1087 1614 1172 1671 quam
1197 1596 1251 1654 nisi
1268 1595 1393 1675 scindc5

800 1677 879 1729 retur
892 1669 993 1745 partiri
1009 1687 1064 1728 nou
1080 1674 1250 1744 potuerunt;
1268 1666 1322 1724 sed
1340 1675 1394 1722 utt-

800 1743 866 1800 litcr
880 1753 908 1800 et
933 1743 1083 1800 commode
1101 1739 1191 1798 scindi
1208 1755 1266 1795 non
1283 1736 1393 1820 potuit.

799 1813 866 1885 quia
892 1820 951 1870 croi
971 1817 1065 1870 tunica
1083 1813 1273 1876 inconsutilis,
1291 1808 1320 1866 ul
1349 1813 1394 1864 est

800 1885 863 1942 sine
877 1892 988 1952 sutus,
1002 1885 1119 1956 desuper
1136 1887 1266 1939 certata
1279 1897 1333 1954 per
1349 1886 1391 1962 ιρ-

800 1963 867 2018 tum.
882 1962 911 2014 et
927 1956 1076 2014 reticulato
1092 1970 1179 2027 opere
1196 1955 1283 2018 lacta,
1295 1951 1391 2032 qualr-

801 2030 853 2086 hus
869 2027 1045 2084 indumentis
1060 2043 1202 2101 pauperes
1216 2025 1244 2080 in
1260 2023 1393 2080 l’nlaestt·

800 2116 837 2157 na
855 2099 895 2156 uti
912 2103 1124 2157 consueverunt
1138 2115 1145 2166 ;
1161 2105 1191 2155 et
1212 2095 1331 2156 idcirco.
1354 2109 1391 2149 ne

799 2171 986 2240 scinderetur,
999 2171 1035 2228 sd
1054 2185 1140 2228 unum
1161 2183 1226 2226 eam
1245 2167 1391 2238 integram

800 2245 948 2316 pervenire
961 2241 1088 2300 sortione
1103 2241 1266 2298 maluerunt
1283 2241 1390 2294 :Dice-

800 2320 865 2371 rant
875 2330 937 2378 eruo
950 2314 988 2369 od
1002 2317 1139 2370 invicem:
1157 2315 1216 2371 Nou
1226 2309 1391 2367 scindamus

801 2401 871 2452 eant,
889 2385 936 2441 sed
952 2388 1102 2441 sortiamur·
1120 2385 1153 2440 de
1169 2385 1222 2439 itio
1238 2382 1320 2450 mins
1337 2383 1389 2461 sit.

801 2457 909 2514 Dicitur
921 2462 1027 2526 nutem,
1043 2455 1120 2528 quod
1134 2456 1170 2512 ad
1191 2457 1310 2510 modum
1327 2451 1390 2507 clu·

802 2529 982 2585 rothecarum
1000 2543 1050 2585 sen
1067 2529 1251 2590 biscaiorum,
1272 2529 1301 2580 et
1315 2538 1388 2594 quo·

802 2599 934 2656 rumdam
957 2597 1126 2666 ciliciorum,
1150 2597 1274 2669 quodem
1300 2609 1391 2666 opere
1476 2662 1478 2667 Ι

802 2668 891 2728 textili
907 2671 981 2726 lacta
995 2669 1062 2738 luit3
1072 2675 1100 2726 et
1115 2669 1192 2741 quod
1203 2669 1288 2726 beata
1301 2666 1389 2747 Virgo
1475 2692 1481 2715 .

801 2740 925 2814 propriis
943 2740 1003 2798 suls
1028 2741 1161 2798 manibus
1182 2755 1246 2796 cam
1271 2737 1389 2818 lecerrt3

802 2817 831 2869 et
850 2812 927 2883 iruod
939 2813 1078 2869 oumiesu
1089 2815 1234 2868 crescente
1250 2809 1388 2881 paulatim

802 2882 888 2941 etiant
907 2883 1038 2941 creverit.
1056 2885 1088 2940 Et
1110 2887 1171 2938 erat
1191 2883 1310 2952 desnper
1329 2895 1389 2935 corr

802 2961 880 3011 testo
895 2972 945 3027 per
963 2960 1060 3023 totum,
1077 2953 1154 3026 quia,
1171 2959 1201 3010 ut
1219 2951 1336 3022 dieitur,
1351 2950 1387 3006 alr
1479 2950 1480 2963 ¹

802 3031 881 3085 extra
893 3041 947 3108 per
960 3030 1050 3084 totum
1064 3026 1206 3152 depanno
1218 3023 1316 3094 aliquo
1327 3027 1387 3078 erat

802 3101 974 3170 appositum,
985 3097 1021 3154 ad
1031 3113 1094 3155 eam
1114 3095 1317 3154 ortiticandum
1330 3107 1388 3150 ma·

801 3185 846 3296 {ts
863 3174 892 3224 et
911 3169 1146 3226 conservandum.
1165 3167 1258 3235 Unde,
1280 3180 1387 3222 secun—

824 3255 869 3296 um
885 3240 1114 3310 chrysostomum,
1122 3239 1176 3296 hoc
1189 3237 1289 3295 dicens
1299 3237 1385 3317 liran-

802 3310 913 3384 gelista
934 3311 1043 3368 occulte
1063 3309 1149 3368 restis
1165 3309 1304 3366 vilitatem
1319 3307 1386 3364 insi·

804 3387 886 3451 nuat;
901 3397 967 3438 nam
979 3381 1008 3439 in
1024 3381 1174 3438 Palaestina
1187 3385 1231 3438 est
1244 3379 1387 3451 quoddam

802 3469 892 3525 genus
909 3452 1039 3520 restium,
1055 3458 1172 3526 propter
1200 3467 1339 3524 pauperes
1356 3465 1388 3506 ex

803 3523 900 3581 multis
909 3524 1012 3598 pannis
1027 3530 1202 3592 contextum,
1215 3526 1301 3595 quasi
1314 3535 1389 3579 unus

803 3611 916 3669 pannus
932 3611 1019 3666 super
1032 3595 1129 3653 alium.
1152 3597 1211 3652 Hoc
1231 3593 1390 3675 antemis-

804 3673 948 3738 domest,
967 3673 999 3724 ut
1021 3668 1182 3738 impteretur
1198 3671 1390 3730 consecutive,

803 3737 832 3795 id
848 3744 891 3795 est
903 3739 939 3796 ad
962 3743 1024 3806 noc,
1045 3745 1074 3794 ct
1085 3754 1118 3794 ex
1135 3739 1190 3794 hoc
1204 3736 1390 3810 adimpletum

804 3813 857 3880 est,
880 3810 954 3882 qaod
967 3809 1072 3866 dictum
1089 3815 1129 3866 est
1148 3825 1198 3880 por
1212 3811 1389 3880 proplietam,

804 3881 937 3938 dicentem
950 3898 983 3938 ex
996 3895 1118 3952 persons
1133 3878 1237 3937 Christi
1247 3881 1390 3962 ‚silicesq-

803 3961 868 4008 ruat
882 3955 938 4008 sitsi
953 3955 1117 4010 vestimento
1131 3967 1202 4013 meo,
1215 3951 1325 4008 scilicet
1336 3949 1391 4031 alp

804 4039 822 4081 a
836 4023 948 4092 tunica;
962 4029 988 4080 el
1002 4039 1086 4098 super
1099 4029 1201 4079 oedem
1215 4038 1316 4090 meam,
1334 4036 1389 4076 sct-

803 4093 869 4151 licet
888 4100 1012 4152 tunicam
1027 4092 1240 4161 inconsutilem,
1256 4095 1388 4148 miserunt

803 4171 912 4224 sortem.
930 4167 1091 4224 Secundum
1102 4167 1303 4234 Aepustinum,
1318 4177 1388 4236 qua·

803 4236 955 4310 driparlita
968 4241 1054 4294 vestis
1069 4235 1182 4295 Domini
1196 4237 1266 4293 lesu
1286 4231 1388 4293 Christi

803 4307 1042 4384 quadripartitam
1062 4306 1197 4381 figurarit
1211 4307 1274 4382 cius
1293 4305 1387 4364 Eccle-
