3124 5038
215 412 262 465 tlt
562 407 717 460 SECUNRAE
745 405 865 459 elutis
892 404 996 460 CAPUT
1025 408 1110 463 tuln

251 519 446 591 7Rssuncuou
469 531 553 570 osser
569 531 664 570 surus.
686 541 719 554 -
741 514 794 568 Re·
854 511 949 569 troiril
964 521 992 570 et
1014 513 1119 572 ibidem
1139 521 1222 574 nocte
1244 518 1393 589 dormivit:
1412 525 1442 580 el

215 605 301 662 surge
315 605 399 656 nuuc,
414 585 511 644 anime
524 601 597 652 mea,
608 599 673 642 cum
684 583 795 641 corito
850 599 913 641 cum
928 583 1035 643 inimici
1057 590 1152 656 portes
1166 587 1290 647 civitatis
1307 594 1441 650 custodi-

215 661 251 719 de
267 659 497 732 sordidopecceti
512 657 675 728 sepulchro,
686 655 796 738 respira
851 666 925 725 rent,
942 661 972 714 ut
990 655 1083 730 ipsum
1107 673 1190 716 meno
1213 665 1439 735 comprehende.

212 734 272 806 jem
287 735 316 788 in
331 747 411 804 spem
436 727 665 794 resurrectionis,
687 733 714 784 et
731 733 794 784 rrtae
850 733 925 797 rent,
940 735 969 783 et
983 728 1154 799 occiderent,
1168 731 1229 805 ipse
1245 735 1339 794 modia
1355 743 1440 795 nocte

215 803 359 888 perennis.
378 805 431 860 Pro
449 816 548 859 amore
567 803 617 858 Dei
638 801 795 857 moriamur
850 798 982 868 surrexit,
1002 807 1030 858 et
1058 811 1168 872 portem
1195 804 1318 864 civitatis
1341 825 1440 867 secum

216 894 244 934 tn
257 873 391 949 presenti
405 873 473 944 rita,
488 879 519 930 ut
536 876 599 943 post
613 872 796 930 resurrectio·
849 871 951 928 detulit
975 871 1020 930 Sic
1040 873 1168 932 Christus
1187 878 1287 935 urbem
1311 879 1440 938 hostium

215 963 280 1006 nem
294 947 422 1004 vivamus
440 947 468 1002 in
483 945 597 1002 loturo:
614 942 681 1016 quia
702 942 726 1000 si
741 958 793 1015 pro
849 959 978 1014 suorum,
994 945 1047 1002 hoc
1066 949 1110 1002 est
1129 945 1283 1019 inlernum,
1304 957 1440 1024 potenter

142 1059 145 1068 «
213 1035 311 1078 amore
324 1016 428 1076 Christi
440 1033 514 1074 nunc
531 1022 674 1074 mortuum
690 1031 739 1072 cor
761 1031 794 1072 us
850 1014 980 1086 intravit3
998 1023 1025 1073 et
1038 1016 1182 1076 destructo
1192 1022 1342 1090 eo,medie
1352 1028 1439 1082 nocte

213 1100 371 1164 portamus,
387 1087 489 1146 luncin
504 1087 667 1170 laetebundo
677 1031 794 1160 gaudio,
849 1091 1012 1144 resurrexit.
1025 1088 1249 1149 Christusetism
1259 1108 1310 1165 per
1321 1097 1437 1167 lunam,

216 1161 795 1233 cumipsoconregnnbiurus.sicergocu·
850 1159 1095 1218 Resurrectionem
1122 1177 1203 1220 suem
1229 1165 1437 1237 praellgurevit,

213 1249 309 1292 remus
329 1232 468 1290 interesse
488 1233 565 1290 lestis
585 1229 746 1297 hominum,
764 1235 794 1286 ut
849 1229 978 1302 quentin
997 1238 1093 1289 ventre
1113 1233 1167 1290 ceti
1187 1235 1378 1308 pertriduum
1394 1238 1438 1296 ri-

214 1321 377 1363 mereemur
389 1303 475 1362 etiem
496 1305 633 1360 interesse
650 1300 728 1358 lestis
740 1303 793 1360 An·
848 1307 1157 1384 vum-conservavitet
1171 1309 1374 1379 poturorum
1391 1327 1438 1368 ce-

214 1377 354 1506 {elorum
368 1377 448 1433 Unde
458 1375 497 1432 aii
511 1376 679 1445 Greportuss
695 1395 708 1425 o
723 1375 793 1430 Erite
848 1381 894 1430 tus
913 1389 1004 1446 ipsum
1024 1375 1060 1432 de
1086 1393 1135 1434 ore
1162 1376 1190 1435 in
1211 1384 1316 1437 terrem
1342 1380 1438 1440 vivom

238 1448 366 1506 mohalla
384 1446 522 1505 solemnia
544 1445 671 1519 sgiruus;
688 1445 738 1502 sed
755 1444 795 1502 ils
848 1443 952 1502 emisit.
964 1445 1027 1503 Ruit
1038 1447 1125 1506 etiarn
1138 1451 1316 1510 Resurrectio
1331 1453 1438 1511 Christi

211 1521 365 1578 vivendum
382 1525 424 1577 est
439 1518 532 1588 nobis,
549 1524 579 1576 ut
594 1516 743 1591 pervenire
756 1517 792 1574 ed
868 1517 1031 1590 refigurels
1042 1519 1324 1602 perlepidem,que1n
1338 1541 1438 1594 repro-

213 1597 321 1650 aeterne
340 1593 412 1650 testa
437 1605 608 1648 mercamur.
633 1592 793 1647 Transeunt
848 1533 987 1672 Epverunt
1000 1591 1175 1649 tedrllcautcs
1188 1595 1324 1666 templum
1340 1597 1438 1654 ooni-

211 1669 324 1726 cuncte.
342 1680 406 1737 quae
422 1663 619 1736 temporaliter
634 1663 733 1718 lesuvc
750 1677 795 1717 ce·
849 1677 887 1716 nr.
898 1663 949 1728 Qui
964 1679 1026 1719 curu
1041 1665 1077 1720 eb
1087 1663 1129 1721 eis
1139 1673 1256 1738 propter
1268 1667 1437 1741 ineptitudi-

211 1737 379 1804 lebreutur;
399 1741 507 1803 curete,
524 1733 573 1806 qui
592 1732 637 1790 liis
652 1731 793 1790 solemni·
849 1747 915 1789 nom
930 1734 1057 1806 abjectus
1072 1737 1285 1804 emetiendum
1303 1755 1437 1798 consum-

211 1808 318 1890 ptibus
336 1805 491 1874 interestis,
511 1823 544 1861 ne
563 1806 600 1862 eb
621 1811 729 1861 aeterne
741 1819 793 1860 so·
849 1807 1437 1884 mstotemplorumlepisengulorisponi

210 1879 356 1937 loronilete
380 1875 563 1940 separemini.
583 1875 657 1945 Quid
676 1879 794 1950 prodest
849 1877 976 1946 deberet,
989 1877 1036 1950 qui
1050 1878 1079 1936 in
1093 1895 1123 1937 se
1138 1880 1210 1938 duos
1226 1881 1347 1948 parietes
1360 1901 1437 1942 rom·

211 1949 350 2009 interesse
372 1951 452 2007 lestis
467 1947 628 2014 hominum,
653 1946 677 2005 si
694 1947 793 2004 deesse
868 1948 995 2018 lecteret,
1011 1966 1067 2007 non
1088 1960 1132 2009 cst
1155 1955 1284 2011 intentus
1309 1953 1332 2010 ls
1357 1954 1381 2012 is
1400 1957 1438 2014 ad

211 2021 356 2096 continget
379 2019 456 2079 lestis
470 2020 668 2104 Angelorum?
688 2020 793 2077 Umbro
847 1963 902 2077 Ros
916 2026 1009 2093 aptus,
1019 2021 1075 2080 nisi
1090 2021 1138 2080 ille
1153 2023 1202 2096 qui
1217 2026 1253 2084 eb
1268 2027 1323 2084 sedi
1348 2028 1437 2086 canti.

210 2101 338 2153 tenturae
355 2093 544 2152 solemnitatis
565 2099 610 2150 ost
626 2090 792 2150 solemnitas
848 2092 900 2148 bus
920 2095 1012 2150 lueret
1028 2095 1207 2167 reprobatus.
1226 2097 1355 2156 Christus
1375 2105 1438 2158 eret
1546 2145 1547 2168 ,

209 2183 346 2240 praesens.
364 2165 550 2223 ldcircohenc
560 2180 657 2222 eunuc
668 2163 791 2235 egimus,
847 2162 920 2236 lepis
934 2165 1103 2234 reprobatus
1129 2166 1159 2224 in
1174 2184 1225 2226 sua
1240 2169 1392 2241 Pessione;
1407 2176 1436 2229 et

210 2240 290 2298 ulad
305 2239 396 2306 illem,
412 2254 476 2311 que
487 2253 542 2294 uon
559 2247 718 2304 esserunt,
730 2251 792 2308 per·
848 2235 938 2292 lactus
953 2242 996 2294 est
1010 2237 1141 2296 Ecclesiae
1153 2239 1225 2311 lepis
1236 2242 1394 2313 angularis,
1405 2242 1435 2300 in

131 2306 133 2312 ’
208 2311 444 2369 ducemur.·Cum
466 2311 528 2366 haec
542 2315 650 2366 statuto
662 2313 792 2378 tempore
848 2309 1436 2384 sueResurroctione.Tuncedrmpletsost

209 2382 330 2455 geritur,
346 2381 467 2439 edillius
483 2378 656 2437 desidorium
677 2393 792 2434 memo·
848 2379 896 2436 illa
911 2380 1062 2453 prophetie
1080 2382 1168 2441 David
1184 2399 1191 2441 :
1207 2387 1341 2456 Lapidem
1356 2403 1436 2459 qoem

210 2453 253 2511 rie
267 2459 365 2510 nostre
380 2451 540 2508 relricetur.
551 2453 792 2523 Frequentotioue
847 2454 1062 2522 reprobaverunt
1084 2455 1260 2526 nullificantes,
1281 2460 1327 2515 liic
1342 2463 1435 2524 scetus

210 2523 393 2606 crgogeudii
423 2523 602 2650 temporalis,
623 2525 659 2578 ed
684 2527 793 2578 selerne
848 2529 888 2578 est
899 2525 1027 2653 i”·⁰⁰,f·“²
1041 2528 1200 2596 unnuliret
1210 2527 1275 2586 ideo
1289 2529 1353 2601 ipsa
1367 2547 1434 2588 cen·
1545 2567 1546 2578 κ

209 2596 315 2671 gaudia
328 2610 408 2651 mens
422 2610 485 2650 mee
497 2598 574 2650 esset
589 2599 617 2650 el
631 2593 748 2661 terreat,
763 2597 794 2650 ut
848 2599 958 2651 teturrn
991 2597 1098 2654 telesto
1108 2599 1345 2658 Resurrectionis.
1355 2602 1436 2674 Lapis

211 2685 244 2725 ex
260 2666 379 2724 veritate
395 2664 493 2723 laetitia
510 2669 672 2738 perl'rualur
695 2662 725 2720 in
742 2680 791 2736 pa·
848 2664 902 2722 iste
917 2665 990 2725 duos
1011 2667 1135 2742 parietes
1155 2673 1182 2726 in
1201 2673 1307 2744 templo
1322 2673 1433 2731 Domini

211 2737 267 2796 trie
277 2741 352 2811 quod
368 2738 404 2795 de
418 2739 520 2795 umbre
528 2735 625 2808 gaudii
640 2735 794 2793 meditatur
848 2737 1026 2810 condonavit,
1043 2741 1109 2813 quie
1128 2742 1256 2800 Christus
1278 2744 1314 2801 de
1351 2747 1434 2819 opulo

207 2809 237 2868 in
256 2815 317 2868 rie:
332 2831 347 2862 u
364 2811 426 2868 haer
446 2810 606 2880 Grepors'es.
849 2809 952 2866 Gentili
971 2817 1000 2868 et
1019 2813 1138 2870 Jodeico
1164 2831 1249 2872 unem
1278 2761 1433 2876 Eccfesiem

244 2887 261 2941 8
286 2884 396 2940 Fruunn
418 2885 648 2940 Resonnscrrours
673 2880 792 2939 Cnursrr.
849 2880 1027 2954 aedificsvit3
1057 2887 1085 2942 in
1111 2886 1165 2943 hoc
1192 2893 1289 2944 autent
1312 2889 1433 2946 redillcio
1544 2907 1545 2922 t

211 2987 242 2998 -
255 2953 386 3012 Christus
396 2953 642 3013 Resurrectionem
653 2969 734 3011 suem
745 2969 795 3024 per
850 2969 901 3024 pro
914 2961 1054 3013 cemento
1065 2973 1132 3014 usus
1142 2965 1186 3016 est
1195 2975 1247 3017 suo
1261 2959 1432 3033 protiosissi-

210 3024 792 3110 Semspnemfortissimumolimllgurevit.
850 3041 897 3082 mo
921 3027 1072 3112 seoguine,
1098 3034 1127 3086 et
1151 3047 1201 3102 pro
1221 3029 1364 3106 lapidibus
1382 3049 1432 3092 suo

210 3115 258 3172 qur
276 3102 418 3156 civitatem
433 3113 614 3156 inimicorum
624 3113 741 3155 suorum
753 3113 796 3154 in·
849 3103 1042 3157 secratrssrmo
1057 3116 1189 3174 corpore.

758 3299 886 3357 ORATIO

243 3510 363 3571 Domine
375 3511 442 3567 lesu
458 3505 580 3576 Christe,
596 3505 696 3564 dulcor
710 3505 803 3574 unice,
818 3503 867 3577 qui
886 3501 977 3577 ruptis
997 3501 1118 3561 vinculis
1137 3504 1248 3576 mortis,
1267 3504 1432 3577 glorificasti

205 3601 308 3655 corpus
326 3590 416 3650 tuum,
429 3587 459 3638 et
478 3582 507 3636 in
522 3584 579 3636 mm
595 3576 734 3634 ineffabili
749 3575 842 3649 glorie
858 3574 1014 3658 surrexisti,
1030 3591 1132 3648 precor
1147 3583 1177 3634 et
1191 3577 1309 3634 obsecro
1325 3584 1362 3636 te.
1383 3595 1434 3652 per

203 3659 282 3714 tuem
303 3650 550 3712 Resurrectionem
567 3648 710 3718 floridam,
726 3648 764 3705 da
779 3647 847 3705 mihi
864 3653 894 3704 ot
909 3663 927 3704 e
941 3647 1026 3713 vitiis,
1043 3652 1100 3705 ela
1114 3654 1205 3705 morte
1220 3651 1324 3706 enimae
1337 3667 1432 3708 resur·

204 3742 285 3799 gens,
302 3729 331 3785 in
345 3725 499 3783 virtutibus
514 3737 627 3795 semper
639 3723 768 3788 lloreem,
780 3727 809 3777 ct
822 3723 850 3777 in
866 3718 990 3776 novitate
1007 3718 1071 3776 vitae
1083 3721 1238 3786 ambulem,
1251 3726 1283 3777 ut
1297 3738 1361 3804 quse
1375 3739 1434 3782 sur·

204 3813 266 3856 sum
278 3804 345 3857 suut
358 3813 485 3871 queram
503 3801 531 3853 et
545 3793 665 3868 sepium,
681 3809 736 3850 non
750 3808 813 3922 ppos
824 3807 909 3865 super
922 3797 1038 3848 terrem.
1054 3792 1108 3848 Per
1124 3797 1178 3848 luae
1194 3791 1331 3850 claritatis
1346 3793 1433 3852 virtu·

204 3876 272 3940 tem,
284 3887 376 3944 purge
394 3875 519 3926 animem
545 3882 636 3924 meam
660 3881 678 3923 a
692 3873 759 3922 tone
781 3863 821 3922 ris
835 3870 1032 3937 peccalorum
1048 3869 1077 3919 el
1091 3878 1142 3936 per
1155 3865 1285 3922 eamdem
1299 3863 1433 3925 virtutem

206 3941 252 4000 die
265 3939 435 4000 universalis
446 3937 666 3999 resurrectionis
678 3953 744 3996 cero
760 3953 824 3995 mee
838 3941 969 4010 resurget
980 3935 1016 3993 ed
1026 3934 1158 4007 glorians,
1168 3940 1198 3992 ut
1209 3943 1303 3994 tecum
1313 3946 1434 3996 aeterne·

204 4011 268 4072 lilcr
283 4014 312 4072 ln
326 4021 447 4086 utroque
464 4013 615 4085 gaudeam.
634 4013 732 4068 limen.
