3036 5042
161 374 190 430 38
530 364 687 422 SECUNDAE
715 363 831 418 etatis
860 362 962 416 uitur
990 363 1034 418 LX

162 475 223 540 tine
245 475 367 534 materie
389 471 496 532 deficit.
523 471 576 528 uni
594 470 747 540 ortonnes:

161 571 175 600 o
193 548 273 606 Falsa
285 545 362 606 enim
378 543 545 604 testimonia
568 548 636 602 tuoe
653 542 745 601 torum

159 622 267 680 hebent
299 621 412 692 qrrnntto
435 633 498 674 cum
524 615 620 672 colore
649 613 745 696 antiquo

158 693 342 766 proteruntur
358 708 366 759 ς
386 689 436 748 sed
455 703 546 760 noque
567 689 645 744 eotor
663 702 744 744 ruvo-

158 764 303 832 niettatur,
320 761 369 833 qui
397 766 490 830 posset
520 765 619 816 contra
646 761 744 818 teanm

159 837 295 908 adjurare
311 832 473 899 mendacia,
492 831 567 904 quod
593 829 745 890 maximam

160 908 271 968 taudem
291 906 404 962 exhibet
430 906 509 971 testi,
531 901 578 974 qui
597 905 637 960 sir
650 900 746 958 omnia

161 975 451 1050 irreprehensibiliter
474 974 543 1032 dixit
566 980 595 1032 et
618 976 693 1055 tecit,
714 977 746 1029 ut

165 1050 271 1106 nuttam
291 1051 347 1106 veri
360 1046 747 1126 similitudineminvemront

166 1123 194 1180 io
215 1137 249 1178 eo
275 1118 504 1193 reprehensionis
532 1117 599 1176 mati
618 1123 647 1174 et
666 1116 746 1178 noto

166 1194 272 1252 astutis
293 1212 307 1246 o
322 1193 382 1250 haec
397 1192 535 1259 Ortpmes.
561 1190 614 1246 Sed
629 1189 664 1246 de
680 1203 747 1245 om·-

168 1259 747 1326 uiumtestrmoniissolumduorumtesti·

167 1335 296 1395 monium
311 1334 487 1408 exprimitur,
504 1332 657 1404 dequibus
674 1331 747 1414 snb-

165 1407 321 1480 jungitur:
347 1409 501 1465 Nouissime
524 1413 624 1470 nutem,
641 1403 749 1462 scilicet

164 1487 229 1553 post
246 1479 401 1538 multorum
421 1477 491 1534 salsa
510 1475 682 1545 testimonia,
700 1492 746 1532 oe·

165 1559 264 1611 renunt
280 1552 335 1608 duo
350 1551 421 1618 fetet
439 1555 529 1612 testes,
545 1554 571 1606 et
589 1548 721 1608 dicerunt
738 1563 746 1600 r

163 1625 297 1691 Quoniam
319 1637 368 1680 noe
386 1622 546 1677 audiuimus
563 1635 634 1686 eum,
651 1621 747 1678 tasum

163 1695 271 1752 scilicet
291 1695 424 1751 dicentem
444 1709 451 1748 ε
471 1695 585 1748 Possum
609 1692 750 1746 destruere

163 1768 294 1836 temptum
304 1762 750 1834 Dei,etposttrtduumreaedttt'eo·

163 1854 191 1894 re
203 1837 291 1904 tttudr
308 1839 349 1894 vet
364 1853 371 1891 ε
384 1838 442 1904 Epo
455 1835 605 1892 dissolvam
619 1835 749 1905 temptum

165 1912 214 1966 troc
224 1926 308 1966 manu
318 1911 433 1977 suctum.
445 1914 470 1963 et
480 1907 660 1978 pertriduum
671 1905 751 1962 atiud

166 1998 219 2037 non
239 1997 322 2037 manu
340 1983 447 2048 sactum
468 1979 618 2051 aedificato.
639 1980 677 2036 Ex
698 1979 751 2034 troc

167 2057 261 2110 nutem
274 2051 590 2124 conabanturprobere,
602 2049 678 2120 quod
693 2051 751 2131 ipse

167 2124 293 2182 divinam
318 2122 473 2195 potentiam
496 2121 577 2194 quasi
600 2124 674 2180 Deus
697 2121 751 2203 situ

169 2202 335 2269 usurparem
349 2196 398 2253 sed
410 2194 471 2252 taisi
482 2200 570 2252 testes
581 2201 674 2262 erant,
686 2209 753 2264 nuta

170 2278 197 2324 ot
208 2265 582 2334 sensum,etverbaCtrristi
593 2266 751 2322 mutabant.

169 2341 209 2398 Ad
221 2339 297 2411 quod
305 2338 434 2395 Christus
443 2337 675 2407 nitriirespondit,
687 2338 753 2418 quia

173 2411 386 2468 mentiebantur
400 2414 509 2480 aperte,
519 2425 574 2464 non
590 2407 748 2466 euimdtne·

170 2488 214 2538 rat
238 2481 273 2538 de
300 2481 354 2536 hoo
377 2479 481 2548 tempto
511 2479 681 2538 Salomonis.
702 2479 751 2536 sed

167 2551 275 2626 proprii
292 2550 430 2623 corporis.
448 2551 528 2608 Unde
546 2553 750 2620 Hieronymus:

171 2647 184 2676 ι(
202 2626 300 2680 Falsus
316 2621 397 2679 testis
422 2628 475 2688 est,
495 2625 543 2694 qui
570 2638 627 2678 non
649 2623 750 2678 eodem

168 2712 252 2752 senso
268 2694 343 2751 diota
364 2693 499 2764 inteiligit
520 2710 576 2765 quo
594 2692 749 2752 dicuntur:

170 2766 307 2824 Dominus
321 2765 399 2822 enim
411 2764 522 2822 dixerat
532 2768 566 2822 rte
576 2766 682 2837 templo
693 2782 753 2822 eor·

169 2837 753 2911 porissui,sadinverhisistieumcatum·

172 2914 295 2978 ninutur,
315 2920 344 2967 et
357 2907 456 2982 paucis
471 2908 585 2976 additis,
599 2909 642 2966 vet
660 2914 752 2966 muta·

171 2983 217 3048 tis,
234 2981 313 3053 quasi
325 2982 432 3053 justam
450 2980 618 3038 calumniam
636 2980 751 3038 faciunt.

172 3054 301 3112 Sutvetor
325 3053 462 3110 dixerat:
488 3053 593 3110 Sotuite
608 3054 658 3110 ttoe
682 3059 750 3109 tem-

170 3129 259 3198 ptum,
274 3123 315 3182 iili
340 3129 515 3182 commutant
530 3133 559 3181 et
573 3123 652 3182 aiunt
666 3141 673 3182 :
689 3127 753 3181 Por·

171 3215 230 3254 sunt
244 3199 384 3254 destruere
397 3198 526 3268 temptum
545 3201 610 3264 Det;
635 3213 684 3254 vos
709 3196 751 3254 in·

173 3269 244 3341 quit,
264 3272 371 3340 sototte,
388 3285 445 3328 non
464 3284 528 3341 ego,
544 3269 612 3341 quis
622 3268 751 3326 illicitum

172 3347 213 3398 est
231 3346 261 3398 ut
284 3342 337 3410 ipsi
361 3340 443 3399 nobis
463 3357 562 3398 manus
584 3341 749 3398 inieramus.

173 3413 279 3471 ttnindo
299 3413 340 3469 ilii
356 3418 496 3480 evertunt,
511 3418 613 3483 etpost
628 3413 751 3468 triduom

170 3486 310 3556 :edificabo
324 3485 407 3552 tttud,
425 3489 454 3540 ut
468 3482 583 3555 proprie
596 3485 631 3540 de
645 3483 751 3555 tempto

169 3557 285 3614 tudetco
312 3554 416 3612 dixisse
442 3553 587 3624 videntum
617 3553 752 3612 Dominus

169 3633 276 3696 autem,
290 3633 319 3684 ut
335 3627 500 3685 ostenderet
514 3624 674 3684 animoteet
688 3626 751 3698 spi-

170 3697 531 3768 1·nrrstemplum,dirernt
556 3721 562 3756 :
588 3702 624 3756 ut
646 3714 694 3768 epo
721 3701 751 3755 in

168 3771 262 3826 triduo
277 3772 417 3828 surettnbo
432 3771 521 3837 ettad,-
537 3769 614 3828 atiud
628 3785 671 3828 est
687 3787 750 3828 eus·

169 3842 269 3910 citare,
286 3842 361 3900 atiud
387 3848 431 3899 est
457 3843 600 3899 aeditioere
621 3863 663 3901 :n
691 3843 751 3900 haeo

169 3917 362 3984 Hieronymus.
378 3913 480 3971 Dicens
489 3923 584 3971 autom
596 3916 750 3971 Dominus:

170 3987 284 4052 Sotette,
302 4003 358 4042 uon
378 3984 448 4042 dicit
474 3985 675 4058 precipiendo,
701 3987 751 4044 sed

171 4057 352 4130 praedirondo
378 4056 419 4114 cis
436 4057 505 4128 quid
524 4063 619 4114 essent
639 4058 751 4127 tacturi,

174 4129 331 4200 praedicens
345 4135 465 4186 mortem
479 4144 560 4185 suam
580 4128 608 4184 in
646 4146 680 4186 ua
692 4147 752 4186 cor·

172 4217 226 4274 pne
240 4217 302 4272 etus
316 4203 391 4272 quod
402 4205 464 4257 orat
475 4200 612 4269 temptum
625 4146 751 4268 deitatis,

802 471 1037 537 mammonam
1053 465 1123 524 mitri
1149 467 1290 534 inferetis,
1308 471 1340 524 et
1362 470 1396 526 tn

801 541 891 596 trtius
906 539 1003 596 diebus
1017 538 1144 596 edcttnto
1159 540 1241 596 ittud.
1256 539 1395 598 Excitare

801 611 878 670 enim
892 617 935 668 est
960 629 977 671 a
1003 627 1104 670 sonmo
1120 611 1220 668 mortis
1238 627 1397 681 revocare,

801 683 877 754 quod
900 682 1016 756 proprie
1030 683 1166 755 competit
1181 683 1288 756 tempto
1302 682 1398 754 spiri·

801 755 882 823 tutti,
897 753 1005 812 scilicet
1024 771 1075 810 sno
1102 755 1213 827 corpori
1228 772 1235 822 ;
1251 757 1299 810 sed
1314 771 1399 812 reae·

802 825 920 884 dificare
937 825 1050 897 proprie
1064 825 1314 898 competittempio
1332 843 1400 884 ma·

801 897 905 956 toriati.
922 899 983 958 Nou
1002 898 1094 970 majus
1109 903 1204 956 tarmen
1220 897 1399 956 mirarutum

802 976 874 1038 erat,
890 969 1027 1041 temptum
1042 972 1237 1028 manufactum
1252 969 1281 1026 io
1296 969 1402 1032 tribus
1508 964 1509 989 ¹

802 1041 1398 1112 diebusreaeditieore,quamscmetipsum

803 1119 866 1184 post
885 1120 1018 1182 mortem,
1038 1112 1084 1170 die
1102 1114 1186 1170 tertia
1205 1113 1396 1172 resuscitare.

803 1187 884 1254 item,
897 1185 1079 1268 possentdiei
1092 1184 1154 1240 taisi
1172 1190 1256 1242 testes
1267 1201 1299 1241 er
1316 1186 1399 1244 tatsa

802 1256 970 1341 intentione,
984 1256 1050 1329 quin
1066 1255 1252 1314 intendebant
1265 1265 1397 1316 mortem

802 1343 961 1386 rnnorrotrs
979 1345 1142 1402 procurare.

837 1406 853 1458 5
867 1403 935 1462 ima
946 1419 1104 1459 occursum
1117 1419 1151 1458 es
1165 1417 1248 1460 rause
1261 1419 1398 1460 resumo·

803 1490 859 1538 mo,
873 1491 955 1532 serus
980 1491 1212 1532 consenserimus
1231 1493 1263 1530 rr
1277 1492 1395 1533 orario.

804 1575 838 1586 -
850 1548 886 1602 Ex
902 1547 955 1602 hoe
970 1545 1217 1614 articulo,scilicet
1233 1548 1268 1604 de
1283 1548 1398 1606 tatione

803 1616 864 1676 taisi
880 1616 1046 1684 testimonii,
1062 1623 1214 1674 sumuntur
1226 1618 1282 1675 tria
1296 1619 1398 1676 docu-

805 1694 911 1747 menta.
925 1687 1050 1748 Primum
1068 1696 1118 1757 est,
1131 1690 1207 1761 quod
1222 1706 1273 1747 nos
1287 1691 1398 1748 tatsum

805 1759 1010 1830 testimonium,
1028 1765 1083 1816 imo
1103 1777 1217 1820 omnem
1238 1763 1397 1822 falsitatem

805 1838 835 1892 et
863 1831 1043 1892 mendacium
1071 1849 1181 1890 summe
1206 1833 1396 1905 detestemur,

806 1906 871 1976 quin
897 1904 1053 1962 mendaciis
1072 1909 1101 1961 et
1125 1905 1243 1964 tettaciis
1264 1907 1396 1964 Christus

807 1975 890 2034 morti
922 1979 1174 2044 ostentionem
1197 1993 1249 2034 oos
1270 1981 1396 2052 quoties-

807 2064 927 2120 cumque
942 2047 1042 2112 salsum
1057 2047 1252 2106 testimonium
1267 2060 1296 2108 et
1312 2066 1393 2108 men-

807 2119 1393 2195 daciumcoutraproximumproterimue,

807 2191 969 2258 Christum,
998 2197 1136 2263 quantum
1162 2192 1191 2250 iu
1220 2193 1302 2252 nobis
1331 2201 1394 2266 est,

809 2263 892 2320 morti
911 2261 1081 2323 addicimus.
1105 2265 1184 2322 Unde
1205 2282 1291 2338 quam
1307 2267 1393 2324 dete-

807 2335 909 2394 stabile
924 2335 961 2392 sit
978 2335 1052 2394 istud
1070 2334 1188 2404 crimen,
1203 2339 1328 2395 ostendit
1340 2341 1394 2396 tm·-

808 2409 900 2466 dorus.
919 2405 959 2464 sie
973 2407 1070 2464 dicens
1086 2425 1092 2462 :
1109 2429 1123 2462 n
1140 2409 1231 2466 testis
1247 2410 1393 2467 falsidicus

807 2479 899 2536 tribus
908 2478 1037 2551 personis
1048 2480 1253 2539 estobnotius:
1268 2481 1393 2554 primum

807 2553 875 2618 Deo,
903 2566 988 2622 quem
1020 2552 1190 2622 perjurando
1215 2554 1392 2622 contemnit·,

808 2623 1122 2696 consequenterjudici,
1132 2640 1215 2696 quem
1229 2625 1393 2682 mentiendo

808 2695 896 2763 sattim
920 2702 1093 2766 postremum
1122 2695 1280 2765 innocenti,
1308 2713 1393 2768 quem

808 2767 878 2822 tatso
904 2766 1069 2824 testimnmo
1092 2766 1178 2824 taedit.
1198 2789 1212 2822 n
1229 2799 1264 2810 -
1280 2769 1395 2826 Secun-

808 2839 875 2894 dum
887 2843 940 2906 cst,
955 2838 1030 2908 quod
1044 2854 1096 2894 nos
1107 2839 1249 2896 discamus
1263 2840 1395 2898 incrimi-

808 2909 949 2976 natioues,
968 2911 991 2966 si
1012 2909 1092 2967 nobis
1111 2911 1280 2981 interantur,
1296 2929 1394 2970 amore

809 2981 857 3039 Dei
880 2981 1021 3053 patienter
1044 2982 1195 3052 sustinere,
1209 2983 1283 3041 sicut
1307 2983 1394 3040 Chri-

808 3059 868 3110 stus
881 3069 932 3124 pro
950 3051 1031 3110 nobis
1044 3053 1080 3110 od
1095 3069 1195 3112 omnes
1208 3055 1293 3113 falsos
1310 3055 1394 3114 incri-

808 3124 979 3182 minatiooes
996 3123 1163 3198 simpliciter
1180 3127 1268 3186 tacuit
1288 3145 1295 3185 :
1316 3127 1392 3200 quia,

808 3196 963 3253 secundum
981 3197 1178 3267 department,
1194 3204 1293 3272 aperta
1312 3215 1394 3258 men·

808 3267 889 3326 stacia
905 3283 962 3325 ooo
974 3276 1040 3326 suot
1055 3271 1240 3342 responsione
1252 3271 1350 3343 digne„
1360 3303 1393 3316 -

808 3339 932 3398 Tertium
948 3346 1000 3409 est,
1018 3345 1048 3398 ut
1062 3357 1115 3398 uos
1131 3343 1256 3400 taltaoias
1271 3345 1392 3402 studea-

808 3427 881 3470 mus.
898 3416 1034 3483 quantum
1064 3429 1128 3470 cum
1153 3417 1211 3472 Deo
1231 3431 1393 3487 possumus,

807 3483 965 3552 declinere,
982 3484 1018 3540 ad
1036 3485 1089 3541 hoe
1104 3485 1180 3542 enim
1195 3487 1332 3544 Dominus
1347 3487 1397 3545 tat·

807 3571 853 3612 sos
878 3561 966 3612 testes
997 3555 1140 3626 sustinuit,
1166 3563 1196 3614 ut
1222 3575 1275 3614 nos
1297 3561 1334 3616 ab
1357 3559 1398 3618 eie

807 3627 942 3711 eriperet,
957 3626 1030 3684 sicut
1054 3627 1140 3685 etiam
1163 3637 1284 3687 mortem
1305 3631 1398 3688 susti-

807 3707 878 3762 nuit,
894 3705 926 3754 ut
941 3715 992 3755 uos
1010 3705 1131 3757 amorte
1148 3701 1292 3758 liberaret.
1309 3733 1342 3746 -
1357 3703 1399 3760 ad

807 3771 1042 3828 conformandum
1053 3787 1082 3827 so
1095 3770 1137 3830 int
1150 3773 1283 3844 articulo,
1292 3773 1398 3846 gratias

807 3843 892 3900 horno
922 3843 1028 3900 referat
1054 3843 1175 3911 Christo,
1207 3845 1282 3916 quod
1311 3845 1398 3902 fuisos

807 3919 894 3970 testns
910 3919 1054 3971 contrusa
1071 3915 1196 3981 admisit,
1211 3923 1243 3973 ut
1257 3933 1309 3972 nos
1324 3919 1397 3974 veri·

807 3991 865 4043 tate
881 3985 1003 4056 tuteiret,
1017 3991 1046 4043 at
1065 3986 1105 4044 sic
1120 3993 1182 4045 oret
1198 3991 1294 4056 :term
1309 3991 1359 4060 qui
1377 4005 1396 4046 u

806 4059 909 4114 Judaeis
922 4060 1006 4124 fatris
1023 4063 1187 4116 testimoniis
1202 4063 1331 4116 accusari
1342 4077 1396 4117 oo-

807 4132 896 4200 tuteti,
911 4131 948 4185 dn
967 4132 1160 4188 mitteremini
1181 4134 1273 4200 tetrus
1292 4133 1394 4188 cotum·

806 4205 868 4259 ntes
883 4205 998 4270 inferre,
1014 4208 1040 4258 et
1053 4204 1151 4260 ittutos
1165 4221 1216 4276 pro
1233 4211 1280 4261 tuo
1295 4206 1395 4260 honore

173 4273 297 4330 solutum
312 4279 365 4331 est.
384 4271 464 4335 Unde
488 4287 589 4329 seusus
601 4277 669 4328 ests
689 4273 751 4330 Sot·
803 4276 944 4344 patienter
964 4276 1088 4344 suffere.

171 4348 237 4414 otte,
253 4345 283 4402 id
297 4343 752 4418 oetsoiretieeorpuemeumper
842 4349 859 4400 u
886 4346 1039 4404 munero
1069 4363 1151 4404 eoum
1179 4346 1333 4410 Portemus
1361 4365 1392 4405 ιτ
