2974 5040
120 467 277 522 tartesus
307 467 477 522 nullatus
507 469 682 523 ttsstotts
711 469 751 523 lta
783 468 821 524 DE
850 469 961 523 tauns
990 469 1119 524 CllUClS.
1191 473 1236 527 tat

21 573 90 628 Unde
100 578 129 628 et
140 573 436 630 CassiodontsacCrux
447 579 489 629 est
501 573 594 629 humi·

21 645 79 700 lium
94 643 196 701 invicta
206 644 299 715 tuitio,
315 644 504 715 superborum
517 643 594 716 abja·

20 715 77 782 ctio,
87 715 202 772 victoria
214 715 328 786 Christi,
337 715 461 788 perditio
473 713 592 784 diaboli,

21 787 182 844 infernorum
198 787 365 856 destructio,
378 788 537 846 caelestium
551 803 595 844 re-

20 857 149 924 formatio,
160 874 239 916 mors
248 859 419 928 infidelium,
435 859 493 916 vita
503 861 592 934 justo·

20 947 83 988 rum.
99 952 113 981 n
127 933 170 1002 ttt,
195 936 226 988 ul
248 933 289 988 ait
304 934 498 1001 hieronymus,
516 933 593 1004 ligno

19 1001 65 1058 boc
79 1001 205 1060 vehimur
223 1017 275 1084 per
297 1019 376 1061 mare
389 1003 543 1074 undosum,
558 1001 594 1060 ad

20 1078 116 1130 terram
131 1073 297 1133 viventium.

49 1145 594 1204 6Passromscarnosus-Dehisetiam

20 1231 72 1287 qne
89 1233 184 1288 passus
202 1223 246 1275 est
263 1218 412 1288 Dominus,
427 1218 506 1299 quasi
526 1233 592 1274 con·

20 1289 144 1346 eludendo
163 1305 228 1346 cum
250 1289 410 1361 gratiarum
434 1297 546 1346 actione
565 1292 595 1345 et

20 1363 133 1418 oratione
145 1361 185 1418 sic
198 1360 268 1419 dicit
278 1363 426 1418 Anselmus
439 1380 448 1417 ε
465 1381 478 1412 a
494 1362 595 1432 llrper-

21 1429 114 1502 giscere
140 1449 226 1503 nunc,
248 1433 347 1490 anima
371 1447 446 1502 mea,
462 1435 594 1488 excutere

22 1503 50 1560 de
63 1504 181 1576 pulvere,
201 1514 230 1562 et
244 1505 440 1632 contemplare
457 1501 594 1560 attentius

22 1573 99 1630 airum
110 1577 181 1632 hunc
194 1575 355 1634 memorabi
369 1592 424 1646 em,
433 1591 518 1648 quem
528 1590 594 1656 ecce

20 1645 42 1700 in
52 1647 156 1717 speculo
168 1647 334 1720 Evangelici
347 1647 498 1716 sermonis,
513 1662 593 1728 arrasa

20 1725 172 1788 presentem
189 1721 323 1778 intueris.
333 1720 487 1792 Cognosce,
497 1733 595 1776 anima

22 1805 235 1862 mea,cognoscc.
248 1793 301 1848 llic
311 1797 354 1849 est
362 1790 500 1848 Dominus
511 1792 594 1848 Jesns

21 1861 142 1925 Christus.
166 1863 290 1921 Creator
315 1867 344 1920 et
371 1863 499 1919 Salvator
517 1867 592 1929 tuus,

22 1933 170 2004 unigenitus
187 1935 235 1992 Dei
255 1933 353 2004 Filius,
373 1950 456 1991 verus
473 1935 547 1992 Deus
567 1937 596 1989 et

21 2019 91 2061 teras
109 2007 201 2068 bomo.
219 2005 274 2078 qui
290 2006 367 2062 solus
387 2007 439 2062 sub
454 2007 514 2062 sole
533 2003 594 2088 sine

22 2077 117 2134 macula
126 2081 261 2136 inventus
273 2082 330 2146 esl;
341 2081 368 2134 et
380 2093 445 2135 ecce
458 2092 595 2150 quoniam

21 2163 71 2204 mm
83 2151 218 2208 celeratis
236 2155 386 2222 reputatus
399 2154 449 2218 est,
466 2153 496 2206 et
514 2149 595 2221 quasi

22 2217 56 2274 sir
73 2219 194 2292 leprosus
220 2229 252 2280 et
281 2219 451 2278 novissimus
470 2219 596 2302 virorum

21 2289 174 2358 estimatum
201 2297 231 2351 et
258 2299 405 2364 umquam
423 2293 594 2356 abortivum,

21 2363 84 2434 quod
97 2364 245 2438 projicitur
260 2363 297 2422 ab
309 2369 402 2436 ulcro,
412 2369 441 2421 el
454 2379 537 2420 nemo
551 2380 597 2420 cu·

22 2439 67 2502 cat,
79 2434 115 2494 sic
128 2437 275 2521 projectus
290 2441 334 2494 est
347 2436 384 2494 ab
401 2441 483 2492 utero
497 2433 596 2492 matris

25 2521 73 2562 sua
82 2505 196 2566 infelicis
210 2523 378 2582 synagoge.
387 2509 443 2564 iste
456 2507 597 2588 formosus

26 2593 75 2648 pre
95 2579 158 2638 tlte
180 2579 345 2648 bominum,
363 2578 444 2652 quasi
462 2578 597 2635 deformis

26 2664 75 2720 pre
88 2651 151 2708 filiis
165 2651 317 2710 bominum
337 2651 436 2708 lactus.
452 2649 598 2724 Siquidem

26 2723 167 2780 calceatus
184 2731 224 2781 est
240 2729 355 2796 propter
369 2725 532 2795 iniquitates
548 2738 597 2778 no·

26 2797 223 2866 encaeniatus
243 2799 286 2851 est
301 2799 413 2866 propter
432 2795 533 2850 scelera
548 2809 598 2876 ao·

27 2871 85 2934 stra,
95 2867 216 2924 etractus
224 2871 271 2925 est
282 2867 483 2923 holocaustum
493 2881 600 2922 auaris·

27 2935 78 2990 simi
98 2937 189 2995 odoris
211 2937 242 2996 in
267 2944 419 3008 conspectu
438 2943 497 3002 tuo,
515 2938 600 2994 Pater

27 3013 128 3067 aterne
145 3010 257 3082 gloriae,
273 3013 304 3066 ut
316 3013 458 3068 averteret
470 3007 599 3090 indigna3

26 3077 118 3138 tionem
128 3089 229 3140 tuama
240 3081 332 3146 nobis,
344 3089 373 3138 et
383 3079 536 3138 consedere
546 3079 600 3137 sibi

28 3165 71 3205 nos
92 3153 193 3211 laceret
216 3153 249 3210 in
276 3151 449 3210 coelestibus.
476 3154 599 3222 Respice,

29 3221 133 3282 Dumiue
156 3229 256 3282 sancte
278 3225 373 3294 Pater,
389 3225 423 3280 de
442 3225 601 3280 sanctuario

30 3297 77 3360 luo,
88 3301 113 3350 at
125 3296 158 3352 de
171 3297 279 3354 encelso
290 3299 417 3353 celorum
432 3295 602 3362 habitaculo,

29 3363 602 3438 vtintuerebancsacroaanctamhostiam,

32 3451 105 3504 uuam
119 3439 169 3496 libi
183 3440 270 3498 ollert
283 3445 404 3513 magnus
418 3437 545 3520 Ppntilex
557 3453 606 3495 no·

32 3511 359 3585 ster,sanctuspuertuus
366 3513 504 3568 Dominus
510 3511 605 3575 lesus,

33 3581 209 3652 propeccatis
228 3583 348 3640 lcatrnm
366 3597 494 3651 suorum,
509 3587 535 3638 et
551 3585 606 3637 esto

34 3651 167 3716 placabilis
175 3671 262 3728 super
270 3653 481 3710 multitudinem
492 3651 607 3710 malitiae

36 3729 137 3780 nostre.
161 3729 285 3798 Respice,
309 3727 439 3793 Domine,
458 3726 489 3780 ia
506 3725 607 3792 samen

37 3792 129 3850 Christi
142 3801 193 3866 tui,
205 3798 253 3870 qui
269 3795 320 3854 libi
335 3794 473 3868 usquead
486 3800 607 3852 mortem

38 3863 159 3922 obediens
176 3869 266 3926 lactus
284 3873 339 3938 est,
354 3884 406 3924 nec
421 3869 558 3924 recedant
573 3866 609 3922 ab

37 3936 118 3992 oculis
130 3937 185 3995 luis
198 3939 343 3997 cicatrices
358 3939 419 4013 ejus
432 3938 463 3994 in
476 3942 608 4010 perpetu·

39 4021 90 4088 um,
104 4013 132 4064 ut
145 4010 310 4068 memineris
324 4015 461 4084 quantam
476 4025 528 4138 Ero
544 4023 608 4080 pec-

38 4083 100 4133 catis
111 4081 213 4138 nostris
226 4082 451 4140 satisfactionem
461 4099 475 4136 a
508 4096 541 4138 eo
552 4095 611 4136 sus·

39 4153 146 4226 ceperis.
167 4151 289 4224 Utinam,
314 4153 443 4222 Domine,
464 4151 609 4226 appendas

41 4231 65 4272 tn
77 4225 177 4280 statera
192 4231 316 4297 peccata,
329 4225 432 4297 quibus
446 4223 519 4281 iram
531 4229 610 4280 tuam

43 4293 229 4364 meruimus,et
240 4295 431 4354 calamitatem
445 4310 533 4378 quam
550 4309 611 4366 pas·

42 4371 185 4437 snsestpro
196 4369 422 4426 nobisinnocens
432 4365 518 4426 Filius
529 4363 608 4424 tuusl

43 4429 115 4490 terta
127 4435 187 4494 baec
196 4439 308 4511 gravior
320 4437 468 4512 apparebit
477 4443 506 4497 et
519 4437 610 4510 magis

651 571 746 644 digna,
762 577 794 630 ut
807 580 923 646 propter
937 574 1027 648 ipsam
1042 579 1173 638 effundas
1184 578 1236 636 mi-

629 644 835 702 ·sericordiam
858 649 934 703 tuam
960 663 1047 720 super
1068 667 1130 720 nos,
1147 665 1234 734 quam

651 715 709 772 sint
722 715 778 774 ista
790 721 954 789 peccata,ut
963 735 1015 790 pro
1024 721 1080 778 illis
1090 729 1237 780 contineas

651 785 681 842 in
691 786 733 844 ira
741 787 952 846 misericordias
960 795 1034 849 luas.
1046 793 1159 852 Gratias
1172 793 1236 866 tibi,

651 859 770 917 Domine
792 863 885 928 Pater,
899 861 1005 920 reserat
1020 865 1114 923 omnis
1128 864 1237 938 lingua,

651 947 736 1002 super
744 931 928 990 inenarrabili
938 934 1116 994 abundantia
1127 936 1240 1009 pietatis

650 1006 718 1084 lum,
734 1019 790 1075 qna
808 1003 891 1060 unico
907 1003 977 1062 Filio
991 1009 1042 1064 tuo
1063 1025 1118 1066 non
1128 1023 1239 1137 (peper-

652 1079 724 1138 crsh,
739 1073 789 1132 sed
802 1090 853 1147 pro
864 1075 947 1133 nobis
957 1075 1037 1134 illum
1052 1079 1126 1137 tradi
1148 1079 1194 1138 isti
1209 1080 1240 1138 in

652 1150 783 1216 mortem,
794 1151 825 1203 ut
838 1152 949 1206 tantum
962 1153 1107 1222 tamquam
1123 1151 1239 1210 fidelem

651 1217 819 1275 advocatum
830 1218 1000 1278 haberemus
1012 1220 1042 1280 in
1052 1223 1125 1280 coelo
1140 1238 1238 1282 coram

651 1294 689 1346 tc.
706 1291 740 1346 at
753 1288 814 1358 tibi,
832 1291 950 1348 Domine
966 1294 1045 1362 lesu,
1059 1294 1163 1352 zelotes
1177 1295 1237 1354 lor·

651 1360 769 1424 tissime.
780 1360 1236 1438 quidgratiarumquidretribn-

651 1432 736 1490 tionis
755 1432 849 1506 digne
866 1435 1001 1502 tribuam,
1018 1452 1034 1493 e
1054 1454 1071 1492 o
1091 1438 1193 1510 pulvis,
1210 1443 1239 1496 at

652 1505 731 1573 cinis,
746 1509 775 1562 et
795 1503 848 1562 vile
865 1453 1055 1576 figmentum}
1069 1509 1141 1576 Quid
1159 1509 1238 1568 enim

652 1591 703 1648 pro
724 1579 821 1634 nostra
840 1576 931 1634 salute
950 1577 1043 1636 lacere
1061 1579 1195 1651 debuisti,
1210 1583 1240 1638 et

653 1663 711 1704 non
726 1647 816 1704 iecisti
831 1648 844 1704 ‘l
859 1649 900 1704 ab
914 1647 972 1705 imo
987 1649 1079 1722 pedis,
1092 1667 1182 1725 usque
1201 1651 1238 1709 ad

653 1735 795 1776 summum
812 1719 925 1776 verticis
939 1725 967 1776 te
993 1725 1082 1779 toturn
1104 1722 1135 1780 iu
1155 1739 1239 1796 aqum

654 1790 798 1848 Passionis
812 1790 985 1862 demersisti,
996 1797 1027 1851 ut
1039 1809 1084 1850 me
1097 1799 1188 1853 totum
1203 1795 1240 1854 de

653 1861 710 1919 illis
720 1863 893 1921 extraheres.
906 1865 977 1920 Nam
988 1869 1016 1922 el
1026 1867 1152 1924 animam
1161 1874 1240 1925 tuam

653 1934 681 1991 in
699 1939 819 1990 mortem
841 1934 998 2006 perdidisti,
1016 1942 1155 1996 ulmeam
1171 1954 1242 2011 per-

654 2006 741 2063 ditam
757 2005 826 2061 mihi
841 2006 987 2063 redderes.
1003 2009 1036 2064 Et
1049 2025 1116 2066 ecce
1128 2025 1175 2067 me
1189 2011 1240 2067 du·

653 2075 719 2150 plici
734 2075 830 2134 debito
850 2076 1011 2149 obligavisti
1027 2095 1035 2134 a
1052 2095 1120 2138 nam
1142 2085 1169 2138 et
1190 2097 1242 2152 pro

654 2165 699 2217 eo,
714 2147 790 2219 quud
804 2145 872 2204 mihi
884 2147 1003 2219 dedisti;
1014 2155 1043 2208 et
1053 2165 1105 2232 pro
1119 2167 1152 2208 eo
1166 2151 1243 2224 qnod

656 2219 710 2278 mei
727 2217 1106 2292 causaperdidistl,deb1lnr
1120 2238 1194 2280 sum.
1208 2223 1243 2280 st

655 2308 706 2365 pro
722 2289 818 2348 anima
832 2307 895 2348 mea
913 2291 1029 2364 quidem
1042 2292 1087 2350 bis
1099 2293 1169 2350 mihi
1182 2311 1200 2352 a
1214 2299 1243 2352 te

656 2365 733 2432 data,
755 2361 843 2420 semel
870 2363 899 2420 in
919 2363 1074 2437 creatione,
1097 2366 1185 2424 semel
1211 2365 1242 2422 in
1284 2427 1302 2446 ‚

655 2433 862 2506 redemptione,
880 2433 949 2518 quid
977 2435 1065 2508 magia
1089 2435 1141 2494 libi
1165 2437 1242 2511 J'uste

656 2507 774 2564 reddam
790 2521 876 2578 quam
890 2522 990 2580 ipsam.
1003 2524 1060 2565 non
1071 2508 1175 2568 habeo.
1188 2511 1242 2567 Pro

656 2585 705 2636 tua
713 2583 807 2636 autem
816 2578 1090 2650 pretiosaanimaita
1097 2581 1242 2652 tribulata,

657 2649 724 2723 quid
734 2651 770 2708 ab
781 2649 897 2708 bomine
908 2651 993 2724 digne
1008 2651 1128 2725 rependi
1142 2651 1243 2726 possit,

658 2721 849 2779 noninrenio.
859 2724 930 2779 Nam
941 2721 1244 2796 sicoelumetterram,

658 2799 687 2852 el
700 2807 815 2850 omnem
826 2798 959 2850 ornatum
969 2809 1067 2852 eorum
1080 2811 1192 2868 possem
1203 2811 1247 2854 re-

660 2863 794 2938 pendere,
806 2869 883 2921 certe
898 2881 950 2921 nec
965 2864 1006 2922 sic
1018 2881 1107 2947 usque
1118 2865 1154 2924 ad
1165 2883 1246 2924 men·

659 2950 756 2994 suram
770 2933 856 2990 debiti
870 2935 1012 2992 ullatenus
1021 2941 1204 3011 attingerem.
1214 2939 1248 2995 lit

660 3007 683 3065 si
699 3005 821 3080 idipsum
833 3006 909 3088 quod
920 3011 948 3063 et
957 3006 1059 3089 debeo,
1069 3013 1098 3066 et
1112 3007 1248 3082 possibile

660 3075 730 3136 mihi
756 3081 809 3146 est,
834 3079 896 3146 ltbl,
923 3079 1053 3148 Domine,
1077 3079 1246 3151 retribuam,

660 3155 751 3218 tuum,
764 3147 892 3216 Domine,
907 3153 997 3206 lotum
1013 3155 1065 3208 est.
1081 3151 1247 3223 Diligendus

663 3221 748 3294 igitur
762 3219 877 3278 mihies
893 3223 952 3277 toto
963 3223 1059 3291 corde,
1068 3227 1128 3280 tota
1137 3223 1246 3294 anima,

661 3298 721 3350 tota
746 3295 861 3360 mente;
881 3295 910 3348 el
932 3295 981 3348 tua
1002 3291 1072 3350 mibi
1101 3294 1248 3366 sequenda

661 3362 790 3435 vestigia,
799 3363 846 3436 qul
858 3361 930 3420 mori
944 3362 1074 3436 diguatus
1084 3380 1115 3422 es
1126 3381 1177 3438 pro
1188 3381 1245 3424 me.

663 3439 697 3494 Et
716 3435 858 3508 quomodo
877 3433 928 3492 liet
943 3435 997 3492 hoc
1012 3437 1040 3492 in
1057 3451 1114 3506 me,
1128 3435 1182 3494 nisi
1196 3449 1251 3510 per

663 3506 870 3565 telAdhaereat
879 3505 975 3564 anima
987 3522 1052 3564 mea
1061 3515 1125 3580 post
1134 3507 1249 3582 tenuia

663 3584 724 3636 tota
736 3577 826 3635 virtus
838 3577 900 3650 ejus
911 3577 1057 3651 pendetex
1069 3587 1107 3638 te.
1117 3581 1152 3638 lit
1161 3596 1249 3652 nunc,

664 3649 784 3708 Domine
794 3649 967 3722 Redemptor
974 3665 1064 3722 meus,
1075 3657 1104 3708 ut
1111 3656 1139 3710 te
1148 3667 1250 3710 rerum

665 3723 754 3780 Deum
767 3721 867 3786 adoro,
877 3719 905 3778 in
921 3725 948 3778 te
965 3721 1097 3792 credo,in
1112 3730 1141 3781 te
1155 3739 1251 3798 spero,

665 3791 935 3876 clunibusposspm
950 3792 1101 3876 desideriis
1116 3793 1153 3853 ad
1163 3799 1192 3853 te
1203 3813 1251 3855 su·

665 3863 1251 4014 lt‘traditacalathameth

666 4007 696 4064 in
711 4007 813 4077 qulbus
821 4006 945 4088 'salutem
959 4023 1052 4066 meam
1065 4017 1198 4084 operatus
1210 4029 1252 4082 es,

666 4095 711 4136 me
720 4083 808 4134 totum
820 4077 936 4134 rneltno.
944 4081 1011 4138 Tuae
1020 4080 1178 4140 victoriosae
1187 4100 1253 4142 cru·

666 4149 707 4206 cis
730 4149 826 4220 regale
850 4151 982 4208 vexillum
1006 4151 1035 4209 in
1055 4157 1171 4212 nomine
1190 4161 1251 4224 tuo,

667 4220 789 4292 Christe,
808 4221 907 4278 adiaco.
928 4224 1020 4280 Tuum
1038 4225 1167 4296 spineum
1185 4226 1252 4282 dia·

668 4294 760 4362 derna,
771 4297 833 4350 tuos
847 4294 984 4351 rubentes
998 4299 1136 4367 sanguine
1147 4296 1250 4364 claros,

667 4369 717 4422 tuo
732 4380 813 4422 sacro
828 4362 910 4422 lateri
929 4363 1094 4424 immersam
1108 4365 1249 4436 lanceam,

670 4441 721 4494 tua
738 4435 867 4506 vulnera,
881 4439 961 4494 tuum
978 4435 1156 4510 sanguinem,
1172 4440 1253 4495 tuam
