3124 5038
216 389 257 444 ult
286 389 459 445 aoueuustt
486 387 602 443 DlSle.
631 389 670 442 tlt
698 388 873 445 diutinasti
900 389 944 444 lu
971 391 1202 445 sensibilitati.
1280 391 1325 442 ttts

98 494 681 570 demjurtalitteram‚loannesquiprlmo

99 571 136 628 ed
148 573 365 627 monumentum
375 566 514 639 pervenit,
527 583 584 624 non
596 567 682 624 intro·

99 637 685 714 ivitpropterrevereutiamPetri,cmpri-

101 731 180 772 murn
192 713 354 786 ingressum
367 711 513 780 servabat3
523 711 573 768 sed
589 711 684 785 mysti-

100 785 321 852 sesecundum
344 784 516 854 mesariam.
530 799 583 856 per
600 786 685 842 Joan-

101 873 169 916 nem
188 873 345 931 synagoga,
357 871 411 939 per
430 857 545 912 Petrum
559 855 685 912 Ecclesia

102 929 278 1004 designatur.
294 929 377 985 Venit
394 943 539 1010 synagoga
555 930 635 1000 prior
648 927 685 985 ad

102 1010 334 1070 monumentum
346 999 395 1056 sed
412 999 529 1056 minime
542 999 684 1070 introivit,

105 1074 173 1147 quia
183 1076 235 1130 elsi
250 1072 341 1144 primo
355 1071 509 1144 Scriptura
524 1088 684 1130 sacramen·

105 1151 133 1203 ta
147 1144 287 1218 cognovit,
300 1148 397 1200 tamen
410 1144 446 1200 ad
464 1144 550 1202 fidem
567 1145 686 1202 Passio-

105 1220 147 1274 nis
162 1216 316 1274 Dominicae
325 1217 435 1273 intrare
447 1215 559 1273 distulit
569 1235 577 1286 ;
589 1221 686 1274 secuta

103 1289 246 1372 posterior
261 1286 386 1345 Ecclesia
400 1288 543 1358 Gentium,
558 1288 686 1346 introivit

102 1378 131 1418 in
151 1365 382 1430 monumentum,
403 1362 470 1433 quia
483 1360 627 1418 Christum
642 1363 686 1419 Je-

101 1449 166 1491 sum
186 1439 215 1489 et
233 1433 366 1504 cognovit
382 1448 470 1490 carue
487 1437 643 1503 mortuum,
658 1437 686 1490 et

102 1505 247 1562 viventem
265 1503 385 1561 credidit
409 1506 511 1562 Deum.
540 1506 594 1563 Sed
623 1509 686 1576 post

102 1579 221 1634 Petrum
247 1575 374 1632 introivit
398 1578 523 1634 loannes
542 1594 549 1633 :
569 1577 637 1649 quia
658 1578 687 1632 ln

103 1650 164 1706 line
179 1647 277 1706 mundi
294 1647 330 1705 ad
346 1648 544 1722 Redemptoris
559 1649 646 1705 fidem
660 1653 689 1705 et

101 1721 165 1794 ipsa
177 1721 276 1778 ludaea
290 1721 449 1792 colligetur.
468 1724 548 1778 Venit
560 1737 628 1792 ergo
642 1723 686 1778 st-

102 1811 169 1850 mon
184 1795 281 1849 Petrus
299 1809 414 1864 sequens
433 1809 504 1856 eum.
521 1799 546 1849 et
561 1795 689 1849 introi-uit

101 1870 134 1922 in
150 1871 365 1933 monumentum,
383 1870 411 1922 et
425 1881 482 1922 non
502 1864 610 1921 invenit
625 1881 688 1921 cer·

100 1953 169 2011 pus,
184 1938 236 1994 sed
250 1937 323 1993 vidit
339 1936 410 2007 sola,
427 1935 535 1993 scilieet
549 1939 611 1993 sine
624 1952 687 1993 cor·

100 2025 174 2091 pore
194 2010 368 2078 linteamina,
385 2010 490 2080 quibus
506 2025 608 2081 corpus
628 2011 690 2064 erat

100 2081 266 2138 involutum
278 2084 383 2152 posita,
400 2081 428 2137 id
449 2087 491 2137 est
504 2082 577 2138 bene
590 2079 689 2153 dispo·

102 2153 163 2210 sita
181 2159 210 2209 et
232 2156 353 2226 plicata;
370 2157 395 2208 et
412 2153 558 2208 sudarium
577 2151 689 2225 capitis,

99 2241 158 2282 non
175 2241 237 2281 cum
252 2226 463 2281 linteaminibus
478 2227 611 2296 positum,
629 2223 690 2280 sci-

102 2297 173 2354 licet
201 2296 367 2354 indistincte
382 2301 411 2353 et
429 2293 558 2366 confuse,
578 2297 626 2352 sed
650 2312 690 2352 se·

100 2371 231 2442 paratim
245 2371 410 2432 involutum,
425 2367 453 2424 id
466 2373 509 2426 est
519 2370 591 2425 bene
602 2369 689 2452 plica-

103 2447 168 2498 tum
188 2443 219 2496 in
238 2457 324 2498 unum
343 2442 441 2508 locum,
456 2457 490 2498 ac
510 2442 534 2497 si
554 2457 587 2497 cx
606 2439 689 2496 indu·

103 2511 178 2570 stria
197 2513 252 2569 hoc
269 2519 343 2580 esset
360 2514 484 2582 lactum,
501 2513 577 2584 quod
592 2527 692 2570 revera

101 2590 198 2641 totum
220 2585 324 2641 lactum
343 2589 406 2654 est,
426 2585 463 2642 ad
482 2585 690 2642 ostendendum

105 2656 212 2715 Christi
223 2655 468 2714 Resurrectionem
478 2657 537 2728 jam
548 2657 652 2714 laetam
662 2661 691 2712 el

106 2728 183 2802 quod
203 2744 306 2800 corpus
331 2745 387 2786 non
417 2729 510 2786 luerat
535 2729 688 2786 sublatum.

109 2803 183 2858 Tunc
198 2816 261 2870 erqo
275 2802 404 2858 introivit
419 2807 444 2856 et
459 2803 507 2857 ille
523 2801 690 2872 disciputus,

104 2875 157 2944 qui
168 2878 280 2929 uenerat
294 2874 404 2944 primas
430 2873 468 2928 ad
489 2877 692 2929 monumentum

103 2951 132 3000 et
145 2945 230 3012 uidit,
243 2951 269 3000 et
283 2943 479 3016 unusquisque
491 2961 591 3002 eorum
605 2943 691 3000 credi-

102 3017 149 3073 att
168 3033 267 3073 verum
287 3032 351 3073 esse
370 3020 444 3089 quod
462 3015 594 3073 mulieres
610 3015 691 3072 dixe·

106 3093 184 3154 rant,
202 3088 311 3166 scilicet
333 3104 435 3162 corpus
455 3087 562 3145 Christi
577 3089 613 3144 de
628 3103 691 3143 mo-

104 3167 245 3217 numento
270 3160 411 3218 sublatum
430 3176 577 3228 essenon
597 3164 692 3216 autem

110 3232 269 3290 surrexisse
290 3250 297 3287 :
318 3235 446 3292 Nondum
475 3235 547 3288 enim
570 3232 693 3288 sciebant

109 3307 287 3378 scripturum
299 3303 334 3360 de
349 3303 453 3362 Christi
473 3306 694 3361 Resurrectloue

109 3376 288 3448 loquentem,
299 3379 367 3448 quia
377 3377 519 3448 oportebat
529 3391 691 3432 eumamor·

109 3451 166 3504 tais
187 3465 339 3518 resurgere.
360 3447 463 3518 idest,
484 3449 611 3505 nondum
631 3451 693 3504 erat

111 3519 153 3576 eis
169 3525 287 3592 apertus
307 3535 407 3577 sensus
425 3520 647 3593 scripturarum,
665 3525 693 3576 ut

108 3591 306 3664 intelligerent
321 3591 395 3648 illas.

150 3685 180 3721 ia
198 3665 368 3721 Lmrauuinu
383 3680 479 3720 rostra
492 3681 520 3719 in
535 3679 618 3719 sensu
631 3679 674 3718 atr

109 3754 208 3794 renunt
227 3755 258 3793 er
277 3751 387 3794 nonum.
402 3768 436 3777 —
458 3737 492 3792 ut
513 3738 694 3792 recesserunt

109 3810 275 3882 stupefacti,
291 3815 320 3866 et
331 3809 406 3882 apud
419 3823 449 3865 se
464 3807 601 3864 mirantes
611 3821 694 3862 even·

111 3887 169 3938 tum
183 3879 236 3943 rei.
253 3881 375 3953 qualiter
388 3883 450 3937 sola
463 3878 628 3935 linteamina
642 3878 692 3934 de·

108 3953 210 4010 relicta
225 3953 305 4010 luere
329 3953 391 4010 sine
411 3968 529 4025 corpore
543 3955 692 4022 peruncto,

109 4025 153 4082 vel
169 4029 307 4097 quautam
326 4028 570 4097 opportunitatem
587 4023 631 4078 lur
645 4022 693 4104 ha·

109 4096 231 4168 buissnt,
247 4101 278 4153 ut
290 4097 351 4152 liaec
366 4096 493 4152 seriatim
508 4095 638 4151 involuta
649 4093 693 4148 dt-

109 4172 238 4238 mittens,
253 4167 446 4245 presentibus
467 4165 616 4234 militibus,
634 4181 694 4222 cor-

109 4257 163 4314 pus
177 4241 322 4310 auterret;
335 4257 392 4296 nim
402 4238 559 4312 cogitantes
570 4239 605 4294 de
616 4235 695 4296 Chri·

110 4317 146 4370 sti
170 4313 404 4382 Resurrectione,
419 4328 472 4368 uec
500 4311 695 4382 intelligentes

111 4401 169 4444 non
184 4403 247 4446 esse
270 4385 427 4454 sublatum,
440 4383 507 4457 qnia
527 4383 610 4440 simul
625 4381 694 4440 luis·
713 4429 715 4438 ,

738 501 802 554 sent
817 495 986 554 linteamina
1009 503 1173 566 asportata;
1191 501 1219 554 et
1235 498 1323 555 maxi·

739 585 783 626 me
792 568 860 640 quia
869 575 985 640 promer
995 569 1160 627 unctionem
1174 575 1258 628 erant
1268 571 1324 628 lor-

738 641 806 698 titer
825 641 939 769 coppori
964 641 1153 704 adhaerentia.
1181 641 1246 700 ideo
1273 659 1325 715 per

738 714 863 786 hecquo
901 713 942 770 sic
961 714 1049 786 pauni
1070 714 1161 770 relicti
1177 721 1205 771 el
1220 715 1323 786 dispo-

739 785 785 842 siti
797 785 1073 850 suerantmanileste
1082 787 1239 860 apparebat
1247 787 1323 859 quod

740 863 942 914 resurrexerat.
960 858 1108 930 Separatio
1127 861 1203 916 enim
1218 858 1323 915 lintea·

740 933 848 986 minum
865 947 882 986 a
901 945 1020 999 corpore
1039 929 1166 1002 Domini,
1179 935 1209 987 el
1221 929 1322 987 deser-

739 1000 779 1057 tio
792 1017 892 1058 eorum
917 1003 943 1058 in
959 1002 1122 1074 sepulchro,
1143 1002 1256 1071 signum
1272 1001 1325 1059 luit

742 1072 897 1130 [lominica
909 1074 1147 1143 Resurrectionis,
1160 1091 1218 1131 non
1232 1081 1326 1131 trans-

740 1144 894 1217 positionis.
906 1147 984 1203 Unde
992 1148 1199 1217 chrysostomus
1209 1166 1217 1203 :
1228 1167 1242 1200 u
1255 1148 1326 1202 Con-

740 1216 867 1274 siderant
887 1218 1052 1276 linteamina
1068 1219 1172 1292 posita,
1191 1223 1219 1275 et
1238 1219 1324 1275 suda-

741 1291 815 1346 rium
834 1291 989 1362 separatim
1015 1290 1172 1348 involutum
1191 1293 1324 1348 inunum

739 1361 844 1432 locum,
860 1362 936 1434 quod
958 1367 1021 1420 erat
1042 1362 1263 1420 resurrectionis
1289 1361 1324 1419 si-

740 1449 838 1505 guum.
851 1435 946 1506 Neque
954 1433 1072 1504 enim‚si
1082 1433 1325 1508 transposuisseut

741 1506 868 1576 quidam,
885 1507 938 1563 hoc
965 1505 1100 1564 iecissent
1113 1523 1216 1577 corilus
1232 1507 1324 1562 denn-

742 1579 858 1646 dantes;
877 1594 968 1650 neque
979 1577 1002 1635 si
1019 1578 1104 1636 iurati
1120 1583 1225 1646 essent,
1242 1578 1326 1650 liujus

742 1650 783 1706 rei
804 1648 916 1706 solliciti
941 1650 1071 1721 luissent,
1088 1656 1119 1708 ut
1134 1650 1264 1708 levarent
1279 1665 1326 1707 su·

742 1721 856 1778 darium
873 1728 902 1779 et
924 1721 1113 1792 involverent,
1134 1729 1162 1780 et
1182 1725 1327 1851 ponerent

743 1793 873 1850 inunum
897 1795 990 1852 locum
1016 1811 1174 1854 seorsuma
1198 1792 1327 1852 inteami-

746 1864 847 1934 cibun,
865 1868 913 1921 sed
939 1867 1118 1939 simpliciter,
1136 1873 1166 1925 ut
1188 1884 1219 1924 se
1243 1868 1328 1924 lrabe-

744 1937 802 2005 bat,
817 1936 1011 2009 suscepissent
1024 1939 1121 2010 utique
1132 1955 1245 2011 corpus.
1262 1941 1328 1994 Pro-

744 2017 808 2081 pter
820 2009 873 2064 hoc
889 2009 964 2066 enim
981 2016 1009 2066 et
1022 2013 1149 2068 loannes
1160 2011 1210 2080 ait,
1226 2008 1327 2083 quoni·

744 2097 791 2137 am
809 2096 874 2137 cum
894 2082 1009 2153 myrrha
1029 2083 1157 2155 sepultus
1182 2087 1243 2151 est,
1263 2097 1327 2154 qum

745 2152 1111 2222 multumconglutinatcor
1131 2153 1174 2211 ori
1188 2153 1328 2210 linteami-

746 2241 793 2293 na,
809 2229 841 2280 ut
856 2241 913 2280 non
929 2224 1083 2297 decipiaris
1097 2171 1133 2283 ad
1148 2225 1204 2295 his,
1218 2224 1265 2298 qui
1282 2223 1328 2281 di·

745 2301 813 2352 cunl
826 2311 891 2353 eum
907 2296 982 2353 lurto
1000 2298 1142 2355 sublatum
1163 2314 1226 2354 esse
1255 2295 1328 2366 Quid

745 2370 1327 2442 autemestseorsumlinteaminajacere‚

745 2445 774 2496 et
787 2440 932 2498 sudarium
949 2457 1077 2500 seorsum
1095 2441 1254 2499 involutum
1268 2441 1282 2496 ‘l
1295 2441 1330 2496 Ut

746 2511 840 2568 discas
865 2513 1000 2584 quoniam
1025 2531 1080 2572 nou
1106 2519 1168 2572 erat
1195 2513 1328 2571 festinan·

746 2583 817 2641 tium
832 2585 892 2640 ltaec
914 2601 970 2652 res,
992 2586 1100 2644 scilicet
1123 2602 1253 2644 seorsum
1269 2583 1331 2658 qui·

746 2657 811 2713 dem
825 2656 883 2725 illa,
897 2673 1026 2714 seorsum
1042 2675 1108 2715 vero
1123 2660 1194 2730 haec,
1208 2663 1237 2715 et
1251 2657 1330 2714 invo·

746 2728 805 2785 luta
824 2745 895 2785 esse.
910 2731 972 2785 Non
996 2731 1073 2787 cuim
1100 2731 1141 2788 ita
1164 2729 1329 2786 insensatus

747 2805 822 2857 esset
838 2799 886 2870 qui
901 2801 1057 2871 iuraretur,
1071 2809 1102 2858 ul
1116 2805 1191 2857 circa
1208 2817 1267 2856 rem
1283 2817 1329 2857 su·

747 2873 886 2943 perlinam
906 2875 1018 2928 tantum
1041 2873 1166 2929 studium
1181 2887 1330 2928 censuma-

747 2951 812 2999 ret:
831 2963 844 2996 u
867 2943 928 2998 hacc
949 2945 1165 3014 Gli-ipsostomus.
1184 2943 1330 3000 llloraliter

747 3023 974 3083 monumentum,
990 3014 1020 3071 in
1035 3033 1091 3088 qno
1107 3021 1174 3072 sunt
1189 3014 1331 3072 linteami-

748 3102 784 3143 na
798 3086 868 3152 sola,
880 3092 974 3158 potest
984 3086 1039 3143 dici
1058 3087 1218 3144 claustralis
1233 3086 1261 3142 in
1273 3103 1329 3158 quo

747 3163 791 3215 est
806 3157 891 3213 vestis
911 3157 1044 3229 religiosa
1067 3157 1190 3216 exterius
1206 3164 1329 3230 tantum,

748 3229 810 3286 sine
825 3228 922 3286 babitu
936 3229 1076 3288 interiori.
1092 3231 1171 3288 Unde
1184 3229 1287 3302 legitur
1299 3230 1329 3286 in

748 3301 820 3358 libro
835 3303 943 3372 Regum
959 3320 966 3358 :
982 3304 1101 3375 Cumque
1111 3306 1329 3364 uenissentnuu·

748 3376 792 3442 tii,
808 3373 856 3444 qui
873 3376 1040 3445 querebant
1072 3373 1170 3444 David,
1189 3377 1331 3430 inuentum

747 3451 787 3502 est
801 3447 982 3503 simulacrum
995 3463 1078 3520 snper
1097 3450 1196 3503 lectum
1211 3448 1286 3518 ejus,
1303 3449 1329 3501 et

745 3519 829 3590 pellis
850 3535 999 3589 caprarum
1019 3521 1058 3576 ad
1077 3523 1160 3592 capnt
1177 3519 1247 3588 ejus.
1266 3519 1331 3574 llaec

748 3593 792 3646 cst
807 3589 903 3647 tunica
921 3592 1025 3663 loseph
1039 3591 1157 3648 inventa
1178 3589 1241 3647 siue
1255 3588 1328 3661 ipso.

749 3663 813 3718 llaec
835 3668 878 3718 est
900 3662 986 3718 vestis
1008 3663 1102 3732 ovina,
1119 3663 1171 3720 sub
1191 3677 1247 3734 qua
1263 3663 1331 3718 latet

748 3749 829 3790 mens
849 3735 955 3806 lupina.
971 3734 1031 3802 llic,
1050 3735 1207 3792 secundum
1230 3734 1332 3803 Grego-

748 3808 831 3874 rium‚
851 3805 954 3862 divinae
979 3805 1201 3878 dispensationis
1223 3805 1332 3878 magni·

749 3879 818 3933 tudo
834 3879 978 3950 pensanda
997 3885 1059 3947 est;
1076 3877 1151 3952 quod
1173 3877 1331 3950 discipulo·

749 3965 812 4004 rum
829 3952 926 4014 eorda.
943 3958 972 4005 et
990 3953 1186 4008 accenduntur
1204 3955 1235 4006 ut
1251 3965 1330 4021 uuae·

749 4025 831 4090 rant,
860 4027 889 4077 et
914 4021 1086 4081 dilleruntur
1109 4039 1143 4078 ne
1164 4021 1331 4090 inveniant;

750 4099 891 4163 quatenus
909 4093 1061 4150 inssrmitas
1080 4092 1170 4152 animi
1194 4092 1255 4165 ipso
1281 4109 1332 4148 suo

752 4180 874 4220 maerore
889 4166 1026 4236 cruciata,
1043 4165 1189 4240 purgatior
1204 4168 1239 4221 ad
1258 4164 1334 4220 invo-

750 4237 887 4293 mendum
898 4237 956 4306 ilat,
965 4244 993 4295 et
1003 4245 1082 4296 tanto
1096 4237 1217 4296 validius
1229 4240 1332 4304 teneat,

750 4314 857 4379 quanto
872 4308 981 4367 tardius
1003 4309 1115 4368 invenit
1136 4309 1212 4380 quiid
1225 4322 1334 4378 quare·

751 4381 809 4438 bat.
826 4381 994 4454 compatere
1006 4382 1093 4454 igitur
1105 4379 1252 4452 discipulis
1263 4377 1334 4450 ipsis
