3104 5034
262 435 300 486 ild
325 401 458 491 suulrr.
487 435 659 493 stillost..
689 437 725 490 lo
753 435 844 488 Fllllll
872 433 947 486 litia
975 432 1014 486 ΕΤ
1042 431 1238 484 UTlLl'l'dTE.
1334 429 1383 486 259

189 559 223 596 ao
248 541 428 596 Ascensronrs
450 542 552 596 Dourm
568 557 684 596 areuna.
705 569 738 580 -
796 553 889 595 annos
904 534 1044 608 quesivit,
1061 539 1089 590 et
1104 533 1134 590 in
1149 539 1259 592 tantum
1274 553 1304 593 se
1319 537 1381 595 lati·

153 607 288 667 Ascensio
303 611 415 668 Domini
431 611 498 668 olim
514 611 543 668 in
563 613 639 668 scala
653 611 741 668 Jacob
796 613 872 680 gavit
884 611 958 680 quod
974 608 1010 664 de
1025 611 1086 688 toto
1099 622 1217 678 corpore
1231 624 1281 665 suo
1296 609 1384 668 sudor

152 682 337 752 prefigurata
351 682 412 750 luit,
427 699 489 755 quae
500 682 741 740 uuaortremitate
796 680 944 753 sanguinis
958 682 1111 738 emanavit.
1125 681 1273 736 Inventam
1286 685 1384 740 autem

153 757 271 822 terram,
291 763 320 810 et
342 754 399 810 alia
421 755 521 812 coelum
550 756 695 824 tangebat,
713 759 742 810 et

797 769 878 810 ovem
893 768 979 824 super
995 751 1130 808 humeros
1148 749 1254 822 posuit,
1271 759 1299 808 et
1313 769 1385 824 por-

152 824 254 895 dngeli
272 841 399 893 peream
419 826 641 894 descendebant,
660 831 688 881 ct
704 841 741 882 a·
796 824 876 892 tavit,
905 825 1019 896 quando
1043 837 1156 878 crucem
1180 837 1234 904 pro
1262 823 1387 894 peccatis

151 897 342 963 scendebant;
359 895 399 953 sio
413 897 543 956 Christus
557 899 592 954 de
609 899 681 954 coelo
694 897 741 953 de·

152 967 273 1036 scendit,
289 972 318 1024 et
331 971 500 1036 reascendit,
515 970 628 1040 quando
642 969 740 1025 coeles·

151 1037 202 1106 tia,
212 1043 241 1094 et
253 1039 538 1098 terrestriareienire
548 1040 645 1097 voluit.
655 1041 742 1112 Opor-

154 1110 233 1167 tebat
246 1109 323 1166 enim
338 1111 413 1182 quod
429 1111 570 1168 mediator
585 1111 634 1168 Dei
650 1116 678 1166 ct
692 1113 741 1168 ho

153 1180 263 1238 minum
278 1184 352 1238 Deus
367 1188 395 1240 et
410 1183 496 1240 homo
509 1189 591 1252 esset,
606 1183 673 1254 quia
688 1182 740 1241 ali·

153 1259 198 1309 ter
213 1269 311 1324 pacem
332 1253 410 1310 inter
424 1257 513 1312 Deum
539 1259 568 1310 ct
597 1255 741 1312 hominem

154 1323 311 1381 reformare
323 1341 380 1381 non
395 1331 510 1396 posset;
525 1327 599 1382 Deus
614 1325 689 1384 euim
705 1326 743 1383 el·

155 1395 283 1452 tissimus
302 1405 355 1464 est,
379 1402 408 1453 et
427 1399 511 1454 homo
532 1397 649 1454 intimus
666 1405 742 1467 erat;

155 1471 185 1524 et
198 1466 263 1524 ideo
281 1467 409 1524 Christus
428 1467 504 1526 intur
521 1471 624 1526 coelum
643 1474 672 1526 et
686 1475 742 1526 ter·

157 1554 219 1596 ram
239 1541 344 1596 scalam
358 1541 489 1597 iaciebat.
501 1541 681 1598 Descendunt
692 1557 743 1598 au-

153 1615 211 1668 tem
225 1611 327 1682 Angeli
343 1626 393 1684 pur
412 1611 500 1680 illam,
517 1614 599 1670 uobis
622 1615 743 1684 gratiam

153 1684 352 1755 apportando;
367 1688 396 1740 ct
414 1685 613 1752 reamandum,
633 1683 744 1742 animas

155 1761 270 1810 nostres
278 1753 307 1810 in
315 1755 418 1812 coelum
428 1755 612 1828 reportando.
621 1787 654 1798 -
666 1758 745 1814 Hanc

158 1823 244 1882 etium
263 1829 458 1884 ascensionem
482 1827 610 1885 Christus
631 1844 743 1900 praeno·

798 895 903 952 nostris
931 893 1053 968 propriis
1077 894 1204 949 humeris
1231 895 1384 966 bajulavit3

798 967 904 1024 amicos
921 967 957 1024 ad
972 964 1228 1037 congratulandum
1243 965 1296 1022 sibi
1312 965 1386 1026 inri-

798 1038 878 1109 tavit,
896 1039 1011 1110 quando
1026 1053 1091 1094 cum
1104 1036 1220 1093 homine
1247 1038 1386 1109 ascendit,

798 1115 828 1167 ct
854 1125 969 1167 omnem
993 1107 1057 1166 coeli
1082 1109 1190 1164 curiam
1218 1108 1385 1168 laetificavit.

799 1211 833 1224 -
848 1183 914 1238 llaee
933 1180 1018 1238 etiam
1038 1178 1167 1238 ascensio
1187 1179 1301 1236 Domini
1317 1181 1386 1238 olim

801 1253 853 1310 luit
867 1253 896 1309 in
911 1251 1096 1310 translatione
1110 1253 1177 1308 Elia
1189 1252 1384 1323 praetigurata.

799 1325 875 1382 Elias
891 1327 993 1397 Legem
1011 1322 1061 1380 Dei
1081 1322 1111 1379 in
1127 1323 1227 1380 Judaea
1241 1323 1386 1396 praedicn-

800 1396 849 1465 vit,
864 1401 893 1453 et
907 1401 1135 1467 transgressores
1151 1396 1233 1466 Legis
1249 1396 1386 1454 audacter

799 1467 965 1540 increpavit,
975 1467 1174 1539 propterquod
1183 1482 1316 1538 magnam
1326 1483 1385 1526 sus·

801 1539 884 1596 tinuit
903 1555 921 1596 a
941 1537 1048 1595 ludaeis
1073 1537 1310 1609 persecutionem,
1336 1539 1386 1596 sed

800 1608 1388 1739 llllnltlittll{tutitltlttilt

800 1753 928 1811 veritatis
943 1725 1049 1824 docuit,
1065 1757 1094 1809 et
1109 1759 1225 1824 propter
1239 1752 1294 1808 hoc
1308 1769 1325 1809 a
1338 1755 1388 1810 lu-

800 1825 870 1883 daeis
886 1827 989 1883 multas
1003 1823 1217 1898 persecutiones
1232 1823 1386 1881 sustinuit:

154 1895 236 1965 lavit,
252 1899 367 1968 quando
382 1899 548 1971 parabolam
568 1899 604 1956 de
622 1916 678 1956 una
691 1915 744 1956 ove
797 1903 911 1970 propter
929 1899 1003 1970 quod
1018 1902 1044 1953 et
1057 1900 1127 1953 Deru
1144 1897 1281 1952 enullavit
1302 1899 1383 1952 illum

153 1975 315 2025 excentum
331 1970 443 2041 perdita
461 1977 489 2028 et
504 1970 619 2027 inventa
633 1971 743 2043 pradi-

154 2042 238 2096 cavit.
255 2039 320 2097 Oris
347 2058 403 2098 una
430 2042 541 2114 perdita
568 2047 611 2098 est
631 2043 743 2114 quaudo

158 2112 323 2168 mandatum
335 2113 383 2169 Dei
392 2121 585 2187 transgressus
595 2120 654 2182 est;
669 2117 743 2171 Deus

156 2187 252 2240 autem
270 2184 427 2256 nonaginta
443 2202 555 2255 novem,
570 2185 598 2242 id
618 2191 662 2242 est
684 2203 743 2242 no-

155 2269 218 2336 vem
238 2255 341 2312 choros
360 2257 531 2329 Angelorum
554 2257 584 2313 in
607 2258 680 2314 coelo
695 2257 739 2314 di·

154 2325 243 2390 misit,
259 2331 288 2383 et
303 2327 419 2385 veniens
437 2327 468 2386 in
492 2329 568 2386 huno
591 2330 741 2400 mundum,

800 1986 885 2042 super
894 1985 993 2026 omnes
1004 1969 1143 2038 coelos,et,
1152 1969 1267 2024 donauit
1278 1969 1324 2024 illi
1337 1983 1387 2024 no·

799 2057 860 2097 men
872 2041 945 2111 quod
966 2045 1005 2096 est
1025 2056 1109 2111 super
1119 2055 1196 2096 omne
1212 2055 1320 2104 nomen,
1331 2044 1386 2096 etc.

799 2114 927 2184 Oportuc't
937 2111 1012 2168 enim
1025 2115 1087 2184 poti
1097 2113 1246 2180 Christum,
1262 2113 1385 2167 stitutu-

799 2189 875 2240 trnre
890 2187 921 2240 in
934 2185 1053 2252 glorium
1066 2199 1164 2250 monia
1181 2189 1209 2239 et
1224 2181 1314 2238 multo
1325 2197 1385 2240 ma·

799 2255 843 2328 gis
859 2261 972 2328 oportet
987 2270 1040 2312 nos
1060 2253 1189 2312 miserias
1205 2257 1233 2310 et
1253 2252 1385 2310 afflictio·

799 2344 849 2384 nes
872 2327 989 2400 hujusce
1003 2327 1103 2385 mundi
1125 2325 1249 2384 tolerare
1267 2329 1385 2398 propter

154 2397 300 2456 hominem
316 2399 459 2472 perditum
479 2417 529 2472 per
544 2399 662 2472 triginta
682 2406 741 2458 tres
798 2398 886 2456 vitum
901 2404 1048 2458 [eternam.

713 2591 843 2652 ORATIO

188 2751 303 2821 Olcsu,
321 2769 427 2810 corona
443 2753 555 2822 celsior,
572 2751 620 2825 qui
636 2769 787 2824 resurgens
802 2771 819 2810 a
838 2752 957 2810 mortuis
972 2753 1009 2810 ed
1025 2749 1118 2809 Patris
1134 2748 1289 2806 ascendisti
1307 2748 1382 2830 deir-

153 2827 256 2891 teram,
271 2825 352 2882 trahe
367 2825 403 2882 ad
416 2829 445 2882 te
461 2830 584 2883 mentem
604 2842 696 2883 meam
712 2832 742 2882 ut
756 2829 784 2882 te
802 2825 895 2882 solum
908 2825 1043 2881 ardenter
1059 2820 1222 2880 desiderem
1238 2825 1266 2876 et
1281 2821 1382 2891 inqui·

153 2909 226 2952 ram.
243 2897 294 2964 ua,
310 2912 418 2968 quaeso,
434 2901 493 2954 loto
507 2896 649 2954 desiderio
671 2913 733 2954 meo
753 2901 782 2953 et
800 2895 894 2952 studio
913 2895 1044 2964 tendere,
1061 2909 1118 2966 quo
1136 2897 1162 2948 te
1177 2891 1262 2948 credo
1278 2905 1381 2971 ascen-

154 2963 229 3024 disse
241 2984 248 3035 ς
265 2977 296 3024 ut
307 2967 336 3024 iu
352 2971 484 3040 praesenti
499 2967 614 3041 quidem
628 2967 743 3026 miseria
762 2967 823 3024 solo
845 2975 945 3023 tenear
959 2981 1092 3036 corpore,
1104 2969 1201 3020 tecum
1214 2967 1312 3044 eutem
1326 2974 1381 3017 sim

153 3037 326 3108 cogitatione
339 3045 367 3098 et
379 3039 532 3108 aviditate;
550 3046 581 3098 ut
595 3039 633 3098 ibi
647 3043 684 3095 sit
699 3053 871 3107 cormeum,
886 3039 935 3096 uhi
956 3042 986 3094 tu
1004 3036 1044 3094 sis
1057 3036 1213 3118 thesaurus
1228 3032 1380 3116 desidera-

156 3107 222 3167 bilis
235 3115 264 3168 et
277 3111 418 3169 amabilis.
435 3113 526 3170 Trahe
542 3128 586 3168 me
599 3119 664 3183 post
678 3117 716 3176 te,
732 3113 763 3168 ut
776 3126 827 3183 per
842 3108 1060 3192 tuamgratiam
1076 3108 1111 3164 de
1126 3109 1230 3162 virtute
1242 3120 1272 3161 rn
1288 3110 1379 3160 virtu·

156 3186 215 3238 tem
227 3183 393 3253 ascendens,
405 3189 433 3240 te
452 3185 538 3242 Deum
552 3183 671 3241 deorum
685 3182 782 3242 ridere
795 3197 907 3240 merear
929 3197 959 3238 in
976 3183 1053 3238 Sion.
1069 3181 1171 3236 Arnen.

614 3526 752 3599 CAPUT
778 3525 944 3595 LXXXlll

300 3765 338 3808 llll
362 3765 528 3810 satiricus:
553 3764 753 3821 studentium,
769 3764 807 3808 ltu
825 3763 905 3808 stulti
932 3761 999 3807 lillis
1024 3761 1060 3806 ET
1076 3758 1248 3805 drisimir.

198 3948 744 4008 1OuursrscrsarnrcruGunrsrruori
768 3964 770 3990 ²
802 3964 833 4006 se
852 3953 880 4004 el
905 3947 934 4002 iu
959 3943 1033 4016 aliis,
1056 3953 1114 4004 tam
1146 3944 1255 4003 actibus
1285 3943 1392 4013 cordis,

162 4035 228 4076 sum
252 4037 370 4079 semem.
390 4057 421 4067 ·-
447 4025 573 4080 loannes
598 4025 639 4078 stc
662 4037 745 4079 suum
767 3995 770 4098 Ι
801 4035 886 4092 quarn
901 4017 959 4100 oris
973 4023 1002 4075 et
1016 4017 1121 4090 operis,
1141 4023 1207 4076 ante
1236 4031 1320 4074 suam
1337 4016 1393 4071 Rc·

161 4091 303 4150 concludit
317 4093 494 4164 evangelium
512 4097 703 4153 :Santoutem
719 4098 744 4149 et
767 4103 770 4161 J
802 4095 1008 4148 surrectionem
1028 4098 1056 4147 et
1082 4093 1144 4161 post
1166 4089 1308 4158 eamdem,
1333 4101 1393 4158 que

160 4163 218 4220 alio
232 4165 321 4220 multo
333 4167 414 4238 signa
428 4175 456 4224 et
471 4167 554 4236 lactu,
570 4165 600 4222 in
616 4163 744 4222 multitu·
767 4171 770 4236 ξ
800 4179 860 4236 prae
874 4161 1054 4220 multitudine
1066 4177 1128 4228 sua,
1142 4177 1197 4219 non
1208 4165 1272 4219 sunt
1287 4161 1392 4230 scriptu

160 4232 226 4292 dine
257 4234 535 4308 incomprehensibili
572 4235 740 4304 existentia,
768 4239 770 4273 l
802 4237 830 4292 in
845 4233 917 4292 libro
938 4233 1001 4292 hoc.
1019 4235 1093 4303 Oua,
1108 4237 1134 4292 st
1162 4233 1319 4291 imbuatur
1340 4244 1391 4300 per

160 4311 264 4388 prater
278 4323 312 4363 ea
329 4325 392 4380 quse
412 4311 447 4368 ab
469 4307 656 4392 Evangelistis
678 4311 744 4389 sunt
767 4306 770 4387 l
801 4307 923 4389 singulo,
941 4308 1033 4390 quoad
1056 4307 1131 4364 lacta
1150 4300 1345 4378 particularia,
1361 4303 1390 4356 et

161 4383 276 4450 scripta,
291 4396 353 4450 qun
373 4382 439 4450 (ecit
459 4383 536 4440 lesus
555 4397 585 4438 rn
607 4385 694 4450 terra,
714 4394 743 4435 in
802 4377 979 4436 conditiones
1000 4381 1191 4450 virtutemque
1210 4387 1320 4440 eorum,
1340 4386 1388 4427 uec
