3036 5042
572 953 885 1064 VITAE

614 1303 720 1350 nolum
735 1303 842 1349 nosrut

176 1585 1272 1766 JESUCHRISTI

433 2023 608 2110 PARS
649 2023 1006 2113 SECUNDA.

590 2383 727 2458 CAPUT
747 2387 843 2458 tvltt

284 2605 321 2649 DE
338 2603 482 2650 PASSIDND
501 2603 606 2651 nomm
623 2603 730 2650 dosunt
750 2605 980 2667 HEDITANDA,1N
1003 2607 1161 2656 Genauam.

143 2821 150 2854 ι
176 2799 319 2854 Pnssrours
336 2799 435 2854 Doumr
455 2816 631 2856 naconoarro.
653 2829 688 2841 -

103 2869 233 2926 Occurrit
250 2885 335 2938 nunc,
349 2879 379 2926 ut
393 2871 557 2928 Passionem
575 2869 687 2928 Domini

102 2939 192 2997 nostri
206 2942 221 2997 J
225 2955 274 2996 esu
288 2939 390 2998 Christi
403 2946 565 3011 tractemus,
581 2943 617 3000 de
631 2958 688 3014 qua

102 3011 138 3067 ad
154 3013 247 3068 minus
261 3015 365 3084 septies
381 3013 407 3067 in
423 3012 469 3068 die
481 3013 625 3070 recordari
640 3014 687 3070 de·

103 3081 180 3139 beret
194 3081 380 3139 Christianus.
398 3083 477 3140 Unde
492 3083 559 3139 dicit
573 3087 688 3140 Penur-

102 3155 163 3218 dus,
173 3153 250 3225 quod
263 3153 428 3224 quotidiana
438 3153 522 3210 lectio
535 3155 687 3212 Christiani

103 3225 187 3282 dubet
200 3239 262 3282 esse
277 3225 435 3282 recordatio
449 3225 603 3283 Dominicae
616 3227 686 3283 Pas·

102 3296 200 3360 sionis.
217 3301 246 3352 et
259 3296 336 3368 quod
353 3296 421 3353 nihil
439 3299 478 3353 ita
494 3298 623 3354 accendit
637 3314 687 3354 cor

101 3367 269 3436 humanum,
293 3365 532 3437 quemadmodum
557 3385 632 3441 saepe
658 3374 687 3426 et

102 3439 200 3496 scdulo
210 3438 366 3510 recogitata
378 3441 475 3496 Passio
486 3449 514 3496 et
524 3441 686 3496 humanitas

102 3508 266 3568 Salvatoris.
280 3511 331 3578 Qui
348 3525 416 3580 crgo
431 3509 460 3566 in
479 3527 561 3568 cruce
578 3517 607 3569 ct
622 3513 685 3568 Pas·

101 3581 180 3639 sioue
192 3581 304 3638 Domini
317 3581 459 3639 de-iderat
468 3581 595 3655 gloriari,
604 3582 686 3640 sedu-

102 3653 128 3710 la
138 3653 324 3710 meditatione
337 3653 422 3710 debet
432 3652 461 3709 in
475 3669 508 3710 ea
543 3653 684 3724 ersistere,

100 3742 164 3797 quae
174 3723 314 3796 praecipue
325 3723 400 3780 iuter
410 3731 505 3782 cetere
514 3669 599 3782 debet
606 3725 683 3794 cordi

101 3805 198 3853 nostro
218 3811 281 3853 esse
305 3797 413 3852 infixa:
437 3803 469 3851 ut
491 3797 563 3852 sicut
585 3796 613 3852 iu
633 3813 684 3852 suu

101 3883 218 3941 corpure
237 3866 381 3924 cicatrices
395 3871 424 3923 et
439 3867 557 3923 vulnera
572 3883 685 3939 semper

100 3943 188 4008 leuet,
196 3939 268 3995 etde
275 3939 337 4008 ejus
345 3953 463 4010 corpore
470 3953 527 3993 uon
535 3937 683 4007 delentur;

102 4007 181 4066 itaet
196 4011 225 4066 in
240 4009 325 4066 corde
339 4019 436 4065 nostro
451 4024 502 4081 per
518 4013 685 4066 memoriam

102 4080 191 4138 nostri
208 4079 307 4146 teneri,
321 4087 350 4136 et
364 4095 519 4161 numquam
537 4081 571 4136 de
585 4097 619 4137 eo
635 4081 684 4137 do-

102 4151 152 4209 leri
176 4153 270 4208 dehet.
296 4151 383 4223 Cujus
404 4152 518 4222 quidem
542 4150 686 4208 Passionis

102 4222 236 4296 mysteria
250 4229 278 4279 ct
290 4238 352 4294 quaa
364 4221 439 4279 circa
447 4239 510 4279 eum
522 4223 684 4292 factasunt,

102 4295 124 4351 si
137 4301 196 4352 toto
210 4294 313 4352 mentis
326 4294 430 4351 intuitu
444 4293 684 4366 perspicerentur,

103 4367 129 4424 iu
145 4383 251 4424 nouum
271 4365 366 4437 utiquo
382 4369 487 4423 statum
500 4365 685 4424 meditantem

165 4462 233 4516 Vm
241 4462 257 4515 J
260 4476 308 4516 asu
318 4461 436 4523 Camari,
445 4462 537 4515 Torius
548 4463 594 4515 lV.

742 2800 926 2856 adducerent.
943 2801 1013 2856 Nam
1031 2816 1064 2857 ex
1077 2802 1225 2928 dprofundo
1243 2804 1329 2862 corde

742 2877 771 2927 et
793 2875 858 2927 totis
873 2873 1012 2927 viscerum
1030 2888 1075 2928 me
1098 2874 1160 2930 ullis
1175 2890 1238 2930 eam
1258 2891 1329 2947 per-

742 2943 891 3010 scrutanti,
907 2941 986 2998 multi
1001 2959 1103 3024 passus
1121 2947 1258 3016 insperati
1273 2963 1327 3003 oc-

742 3021 899 3096 currerent,
916 3029 949 3069 ex
964 3016 1066 3086 quibus
1081 3031 1184 3072 novam
1200 3032 1327 3087 compas-

741 3100 861 3154 sionem,
877 3101 981 3142 novum
998 3101 1136 3154 amorem,
1154 3103 1241 3144 novas
1260 3104 1327 3145 oon·

741 3155 897 3212 solutiones
913 3163 942 3211 et
961 3173 1011 3228 per
1026 3173 1203 3230 consequeus
1222 3175 1327 3216 novum

741 3226 893 3298 quemdam
909 3233 1015 3283 statum
1031 3227 1188 3285 dulcedinis
1202 3230 1326 3302 suscipe·
1358 3287 1360 3292 ,

740 3303 794 3366 ret,
811 3295 939 3368 quaesibi
954 3297 1091 3369 praesagia
1105 3303 1134 3354 et
1146 3299 1325 3373 participalia

740 3367 839 3441 gloriae
873 3367 1046 3424 uiderentur.
1076 3370 1166 3440 Unde,
1194 3373 1326 3443 quaedam

740 3441 874 3496 monialis
884 3441 996 3510 devicta,
1006 3442 1034 3497 in
1048 3445 1158 3498 tantum
1172 3441 1247 3500 circa
1260 3446 1326 3517 Pasa

739 3510 848 3568 sionem
866 3511 970 3568 Christi
984 3517 1047 3568 erat
1060 3511 1174 3583 allecte,
1191 3521 1222 3571 ut
1241 3531 1325 3574 num·

738 3598 825 3654 quarn
852 3583 982 3640 Crucillxi
1008 3583 1160 3655 imaginem
1184 3583 1326 3658 inspicere

738 3658 844 3726 posset,
864 3653 918 3710 uisi
936 3655 1041 3711 cadens
1065 3659 1217 3713 interram
1242 3661 1323 3730 quasi

738 3725 1324 3802 totaliterabsorptaasedolloeret.0por·

738 3803 780 3852 tet
794 3811 862 3868 ergo
877 3795 954 3868 quod
969 3799 1034 3867 quis
1045 3803 1216 3924 praesentem
1230 3817 1261 3857 se
1276 3817 1322 3857 er-

738 3867 1007 3938 hibeatallectuose,
1016 3868 1043 3924 di
1057 3868 1324 3940 lgenteretmorose

739 3939 871 3995 omuibus
886 3943 914 3994 et
929 3939 1048 4011 singuiis
1063 3955 1127 4010 quae
1142 3939 1218 3998 circa
1231 3943 1324 4000 Domi-

738 4009 1323 4086 nicamPassionemcontigerunl,etquod

739 4080 807 4137 illuc
819 4087 907 4138 totam
917 4081 1018 4138 mentis
1027 4085 1130 4151 aciem,
1139 4083 1323 4155 vigilantibus

739 4154 829 4208 oculis
844 4152 946 4220 cordis,
963 4151 1115 4226 oblitisque
1129 4155 1193 4211 aliis
1207 4157 1281 4212 curis
1295 4163 1324 4214 et

739 4223 979 4282 sollicitudinibus
997 4224 1198 4293 exterioribus,
1219 4227 1324 4300 dirigat

739 4301 965 4367 perseveranter.
975 4297 1010 4351 lli
1019 4296 1092 4353 scias
1103 4297 1178 4370 quud
1190 4298 1214 4353 si
1227 4298 1256 4353 iu
1271 4299 1324 4356 liae

739 4365 875 4440 scientia,
908 4383 972 4440 quae
1005 4383 1090 4442 super
1121 4382 1220 4425 omnes
1254 4369 1325 4428 alias

1250 4473 1264 4524 l
