3036 5042
362 442 406 495 ull
433 443 623 505 puluillis,
658 443 691 494 lh

81 563 165 606 usura
179 563 212 606 ux
227 564 270 614 aa,
285 564 369 608 ierus
385 563 617 606 cousonnrioiiis
630 563 662 604 η

81 635 184 675 enarro.
201 650 236 662 -
254 621 287 674 El
306 625 441 692 reponat
458 621 573 690 quidum
592 620 662 675 eolo·

81 691 141 760 plu's
155 707 215 749 erim
229 693 339 760 eadem,
358 690 387 748 id
403 699 445 750 est
461 691 489 748 in
504 691 578 750 collo
593 707 663 763 per-

81 767 232 819 cusserunt.
250 762 347 820 Solent
361 763 390 818 in
406 763 478 820 collo
498 763 603 834 percuti
621 763 662 818 la-

79 833 127 894 tui,
140 839 167 889 et
178 833 377 906 despectibiles
389 851 533 907 personae3
548 837 621 892 unde
633 833 662 892 in

720 441 876 498 resolutis
906 441 1034 496 DOMINI.
1282 440 1312 494 is

720 547 802 608 lecito
821 547 1058 608 leuberedum
1076 549 1230 608 uerisimile
1249 551 1306 619 est,

719 620 794 691 quod
810 637 842 678 eii
857 620 905 677 tali
920 619 1102 692 percussione
1115 620 1228 678 durarit
1240 636 1304 678 ian·

719 691 782 761 guis
795 709 845 764 par
861 709 944 750 nares
959 699 987 749 et
998 709 1030 750 os
1043 691 1158 761 Christi,
1172 692 1236 748 licet
1249 693 1303 748 hoe

719 765 755 820 ab
782 764 969 834 Cianpslistis
991 781 1047 822 non
1069 765 1252 836 exprimatur.
1278 763 1301 822 0

719 851 804 906 quam
819 837 993 894 horrendum
1009 837 1101 892 scelus
1114 835 1303 908 impiissimo·-

79 905 129 960 linc
145 905 221 978 quod
236 906 326 964 ludaei
343 907 484 964 Christum
503 906 662 974 colaphizn-
719 923 781 963 rum
791 909 965 968 ludaeorum.
978 909 1052 980 quod
1065 908 1164 965 taciem
1177 915 1234 964 lam
1248 907 1302 962 lor·

78 977 152 1045 haut,
169 993 225 1034 oon
243 985 299 1034 taiii
320 978 479 1036 attenditur
500 978 578 1035 laesio
597 994 662 1050 per·
719 995 838 1048 mosam,
859 979 1014 1036 crudeliter
1033 980 1116 1038 lautis
1135 977 1301 1036 verberibus

79 1049 223 1115 iussionis,
245 1065 329 1122 quom
351 1050 472 1108 maxima
491 1049 663 1108 contumelia
718 1051 890 1108 affeceruoll
908 1049 1015 1118 Voluit,
1031 1051 1187 1108 secuudum
1204 1053 1302 1107 Hiero·

78 1119 307 1192 despectionisah
317 1121 575 1194 lpsaproveuiente.
585 1152 615 1165 -
625 1123 663 1178 Ex
719 1139 840 1192 iipmiim,
851 1122 941 1195 alapis
951 1123 1119 1194 expalmaru
1131 1129 1163 1180 nt
1173 1137 1225 1179 nos
1236 1121 1261 1178 ei
1273 1121 1303 1178 in

79 1191 129 1247 hoc
139 1191 503 1274 articulocolaphizalionis
514 1197 569 1250 tale
579 1193 662 1252 habe·
718 1193 830 1252 landem
846 1193 950 1250 nostris
961 1194 1103 1262 manibus,
1117 1194 1224 1250 scilieet
1235 1208 1302 1262 ope·
1357 1219 1361 1226 ·

79 1269 122 1318 tiir
132 1280 255 1336 primum
268 1266 479 1327 duciinieulom,
493 1266 568 1336 quod
583 1280 663 1322 cave·
719 1265 799 1322 iilius
809 1275 836 1321 st
846 1265 929 1324 labiis
941 1267 1189 1338 applauderemns.
1203 1266 1306 1322 Euhoe

80 1336 662 1408 amusneelnesoliquaodoChristunico·
719 1337 1304 1410 articulopercussiouisinfaciehabentur

79 1406 99 1460 li
123 1407 259 1466 hizsiuus.
269 1409 428 1466 Secundum
439 1410 551 1478 Bedom,
563 1423 662 1466 omnes
719 1409 775 1466 duo
786 1410 967 1466 documenta.
979 1441 1013 1452 -
1026 1409 1150 1466 Primum
1161 1417 1214 1468 est.
1229 1407 1305 1480 quod

78 1423 135 1534 iiiiii
149 1479 301 1538 Christiani
317 1479 459 1539 Christum
471 1479 661 1552 colaphizant,
720 1481 917 1550 nos,eiiemplo
928 1480 1189 1549 Christidisoiimus
1201 1479 1306 1548 patien-

79 1565 122 1622 qui
143 1567 191 1608 ore
210 1552 386 1610 confiteolur
406 1553 560 1621 Christum,
581 1551 663 1610 lactis
687 1556 690 1649 l
720 1553 962 1618 tersustinere,si
974 1551 1306 1622 nuisoosinluciemcis·

78 1629 168 1678 sulem
186 1639 221 1680 ne
243 1629 307 1692 aot;
328 1624 464 1695 colaphus
483 1623 559 1680 enim
578 1625 664 1680 datur
688 1652 690 1674 ι
720 1623 780 1692 dal,
796 1624 869 1681 sicut
882 1625 1030 1697 Apostolus
1048 1624 1185 1696 quosdam
1206 1623 1233 1680 iii
1251 1623 1306 1679 hoe

80 1701 200 1756 aretio:
219 1639 262 1774 titi
282 1711 350 1767 ergo
368 1697 547 1767 colaphizant
564 1695 661 1752 Domi·
688 1690 691 1758 l
721 1696 910 1754 commendat.
932 1696 1012 1764 Quod
1036 1713 1092 1754 non
1117 1694 1208 1752 solum
1233 1692 1306 1751 acci-

80 1781 141 1824 unui
163 1767 320 1835 Christum,
336 1767 404 1838 quia
420 1767 444 1823 si
467 1768 663 1836 blandiuntur,
688 1771 691 1807 t
722 1766 853 1840 piendum
868 1773 908 1824 est
924 1769 960 1826 ad
974 1769 1108 1828 litteram.
1120 1767 1192 1824 sieut
1205 1766 1232 1824 in
1244 1781 1308 1838 pro·

80 1853 125 1894 ore
143 1853 206 1896 eum
224 1839 409 1908 confitentur,
430 1839 480 1896 sed
500 1845 585 1902 retro,
607 1854 663 1910 quo
689 1833 691 1935 j
722 1841 813 1906 posito
828 1839 1000 1898 Christusad
1016 1840 1138 1896 litteram
1152 1854 1244 1896 raesus
1257 1835 1309 1894 luit

80 1907 212 1966 deberent
233 1925 301 1992 euin
323 1909 403 1982 sequi
428 1927 477 1981 per
499 1911 602 1968 honuni
622 1909 663 1966 iii·
689 1943 691 1951 ,
721 1909 749 1968 in
773 1910 888 1980 laciem;
909 1912 959 1968 sed
979 1912 1063 1968 etiam
1084 1911 1210 1984 mystice,
1230 1911 1308 1992 quia,

81 1985 144 2050 tuin,
165 1984 347 2054 colaphizant
369 1998 444 2050 euin,
469 1983 550 2040 niolis
570 1981 663 2051 operi·
689 1962 691 2017 ⁴
721 1982 794 2040 sicut
813 1983 880 2039 dicit
902 1984 997 2040 Glossu
1018 1982 1134 2049 ibidem,
1155 1982 1185 2038 in
1208 1983 1308 2042 lactem

80 2053 128 2108 hiis
145 2054 257 2110 Christo
275 2053 505 2112 contradicendo.
523 2057 604 2116 Item.
617 2070 663 2110 se·
689 2040 692 2122 l
721 2054 849 2116 reditur.
871 2053 899 2112 iu
921 2057 1002 2124 cujus
1021 2071 1052 2110 os
1076 2054 1179 2124 injuria
1198 2053 1308 2123 irroga·

80 2125 195 2181 cundum
214 2129 417 2195 Aupusti'uum,
437 2125 564 2199 colaphis
584 2125 664 2182 Chri·
690 2157 692 2187 i
721 2131 778 2182 tur.
791 2127 859 2182 Num
874 2131 903 2182 el
916 2125 971 2182 isto
985 2125 1069 2184 modo
1085 2125 1212 2182 Christus
1227 2123 1255 2180 in
1272 2124 1310 2180 la·

81 2202 148 2252 stum
168 2198 297 2266 credunt,
314 2197 362 2269 qui
382 2201 406 2254 ei
424 2199 547 2254 honores
562 2198 664 2269 praele·
689 2191 693 2298 ἰ
722 2200 793 2254 eirm
817 2213 906 2254 cassus
927 2196 988 2258 luit.
1007 2213 1056 2266 pro
1080 2201 1186 2269 quanto
1206 2195 1310 2278 mullas

81 2273 152 2324 ruol.
164 2271 370 2341 liem,atergo
381 2271 522 2328 Christum
538 2268 665 2342 colaphis
722 2268 851 2340 injurias,
871 2273 899 2326 el
918 2267 1091 2340 improperia
1112 2267 1137 2324 ei
1158 2267 1187 2324 io
1210 2268 1311 2324 taciem

81 2341 215 2410 uerberat,
230 2339 283 2412 qui
303 2341 459 2412 proiiiiium
476 2347 540 2414 post
555 2349 665 2412 tergum
722 2343 899 2412 objecerunt.
919 2339 999 2397 Sicut
1017 2356 1085 2411 ergo
1105 2339 1239 2396 Dominus
1253 2354 1310 2395 no-

82 2426 155 2468 snum
181 2413 316 2472 iut'amat.
340 2443 375 2456 -
399 2414 559 2470 Secundum
577 2413 665 2470 doou·
721 2419 779 2469 ster
793 2414 829 2470 ah
844 2412 977 2470 omnihus
992 2411 1096 2470 talibus
1113 2408 1312 2482 increpationi-

82 2491 201 2542 nirulum
215 2491 272 2548 ost,
291 2484 366 2554 qood
381 2485 454 2542 sicut
469 2484 597 2542 Christus
613 2501 665 2557 pro
722 2486 787 2552 hus,
812 2483 1008 2554 blasphemiis,
1030 2483 1263 2556 percussionibus
1281 2488 1311 2539 et
1375 2523 1377 2528 -

82 2555 158 2612 nohis
170 2563 213 2612 est
227 2555 440 2628 colaphizatum
458 2559 498 2614 sic
512 2563 541 2613 el
556 2573 607 2614 nos
621 2553 667 2614 co·
723 2556 823 2629 sputis,
834 2555 933 2612 taciem
944 2572 1099 2628 numquam
1111 2552 1312 2627 similimum-

82 2625 285 2697 laphizationes
308 2645 375 2686 suas
400 2627 572 2701 spirituales,
596 2645 667 2756 uuas
724 2629 781 2684 imo
797 2626 956 2684 voluntarie
973 2629 1010 2686 ad
1027 2630 1124 2684 omnia
1142 2627 1190 2683 illa
1210 2627 1311 2684 laetam
1387 2627 1390 2638 '

81 2697 242 2772 plerumque
264 2701 346 2757 nohis
365 2700 477 2772 inlligit,
499 2716 555 2756 oon
572 2715 604 2756 so
619 2716 666 2758 um

83 2769 225 2851 patienter,
235 2771 288 2828 sed
300 2779 328 2829 el
338 2773 495 2844 prudenter
503 2776 665 2844 portemus:

82 2853 148 2898 sicut
160 2845 224 2902 lecil
236 2844 401 2914 Apostolus,
414 2843 460 2916 qui
475 2842 603 2900 dicebat:
616 2849 669 2900 llo-

82 2917 121 2968 tus
134 2923 172 2970 est
187 2917 259 2972 mihi
275 2918 404 2974 aliisallis
419 2918 511 2972 curnis
527 2931 599 2974 meae.
616 2932 667 2972 uu-

82 2987 153 3052 peliis
162 2988 278 3044 Sutouae
287 2990 337 3058 qui
344 2989 555 3057 mecolophi'iet,
568 2993 620 3044 eto.
636 3017 667 3028 -

81 3057 119 3114 sd
133 3063 369 3116 conl'oimaniluui
384 3074 447 3116 sese
460 3057 524 3130 huic
536 3058 667 3129 articulo,

83 3129 178 3208 poterit
192 3132 281 3188 homo
295 3128 403 3202 sihiipsi
420 3130 488 3186 dare
503 3130 666 3212 colaphum,

82 3215 108 3280 io
124 3201 292 3262 memoriam
307 3201 492 3274 colaphorum
509 3201 625 3269 Christi,
641 3207 669 3260 et

83 3287 119 3327 sio
131 3288 212 3330 orare
227 3292 234 3330 :
247 3277 324 3336 lesu.
339 3277 389 3344 qui
402 3275 534 3330 cluderis
547 3275 669 3344 colophi-

83 3347 138 3400 zori'
151 3347 278 3413 uoluisti,
295 3345 332 3402 du
346 3348 415 3401 mihi
434 3348 474 3401 sie
490 3351 516 3402 te
528 3363 574 3402 ore
587 3349 670 3417 coup-

84 3417 140 3482 tui,
156 3423 186 3474 ul
205 3421 355 3474 contrariis
372 3417 498 3490 operi'hiis
512 3420 671 3478 nullatenus

83 3489 299 3558 deolophizeui.

118 3563 147 3627 it
165 3562 316 3620 Percussis
328 3578 357 3618 iu
370 3577 465 3618 ricisu
481 3561 601 3631 Cissisri,
617 3578 671 3618 nno

85 3643 238 3690 oocuunurn
260 3650 293 3688 nx
313 3651 358 3702 sii,
378 3650 460 3690 sorus
481 3633 671 3692 couroiiiiiiri-

85 3716 141 3757 oris
156 3721 187 3764 nr
202 3723 314 3762 orario.
331 3736 366 3746 -
381 3707 442 3760 Atii·
456 3711 547 3762 eutem
561 3709 671 3776 polmus

85 3774 112 3828 iu
124 3777 224 3840 sociem
235 3778 295 3846 ejus
309 3777 453 3844 declarant,
465 3787 490 3832 et
500 3780 600 3842 (eciem
610 3778 671 3846 ejus

82 3849 278 3913 percutiebant.
308 3847 418 3912 Dicitur
441 3854 536 3905 aulem
563 3849 669 3920 palmo,

87 3917 235 3975 secuudum
260 3923 395 3992 Puplum,
422 3936 522 3976 maniis
542 3927 669 3988 extensa,

85 3987 125 4042 iel
150 3989 306 4061 appliealn;
336 3990 408 4048 sicut
432 4007 542 4064 pugnus
568 3991 672 4051 dicitur

86 4071 184 4140 manus
208 4063 364 4134 complosa.
385 4065 516 4122 llamhus
535 4079 603 4136 ergo
622 4080 670 4120 eii-

86 4131 170 4188 lensis
184 4137 212 4188 et
230 4133 344 4205 palmis,
363 4151 427 4191 eum
442 4135 472 4192 in
489 4133 589 4194 lairiem
603 4151 669 4207 per·

85 4211 298 4284 casselensem
321 4223 378 4279 qua
398 4206 582 4276 percussione
608 4206 671 4279 plus

87 4272 220 4352 alligitur
233 4277 328 4340 homo.
342 4295 426 4348 urrani
440 4279 475 4334 de
489 4294 671 4351 percussione

86 4357 113 4400 iu
136 4349 273 4406 collo.1n
296 4349 366 4408 lacie
385 4353 462 4408 enim
485 4356 552 4408 sunt
571 4366 671 4410 omnes

88 4429 191 4490 unius,
213 4423 243 4478 et
266 4425 331 4482 tunt
349 4420 390 4482 ihi
409 4425 538 4486 menbra
560 4425 670 4492 tenere,

724 2716 804 2758 suam
815 2699 857 2756 eis
868 2715 919 2770 pro
932 2699 1014 2756 nohis
1027 2700 1146 2768 obtulit;
1158 2698 1198 2755 sic
1208 2705 1236 2755 et
1249 2713 1312 2768 nos,

724 2788 790 2830 casu
806 2771 967 2840 ingruente,
984 2771 1127 2828 sustinere
1142 2770 1247 2828 similia
1260 2784 1312 2842 pro

724 2842 836 2902 Christo
852 2859 906 2900 oon
920 2859 1093 2900 recusemus.
1115 2876 1126 2882 -
1153 2842 1314 2900 Secundum

725 2917 927 2974 documentum
944 2921 998 2980 est,
1016 2919 1046 2970 ut
1064 2930 1214 2972 caveamus
1234 2928 1269 2969 ne
1285 2917 1313 2970 et

726 3003 779 3044 nos
793 2987 894 3043 demus
911 2991 1020 3058 palmas
1036 2989 1062 3044 in
1080 2987 1181 3042 teretem
1199 2981 1313 3052 Christi,

726 3059 804 3131 quie,
817 3059 972 3114 secundum
990 3060 1187 3127 diipusti‘uum,
1201 3057 1240 3113 illi
1253 3057 1313 3128 pal-

726 3147 788 3188 mas
804 3129 831 3188 in
848 3129 948 3186 taciem
966 3128 1070 3188 Christi
1085 3129 1164 3192 dant,
1181 3128 1229 3199 qui
1249 3143 1313 3199 per·

726 3201 795 3258 lidia
814 3200 911 3256 caersli
931 3217 995 3258 eum
1013 3200 1040 3258 in
1061 3215 1174 3257 carnem
1192 3215 1249 3256 uon
1265 3215 1315 3254 ve·

726 3273 803 3331 nisse
813 3271 1122 3344 alssrmaut,tamqnam
1135 3268 1316 3342 praeentiam

727 3351 790 3412 eins
818 3342 1040 3402 exterminantes
1069 3349 1097 3400 et
1124 3342 1314 3414 repellentem

728 3417 807 3485 item,
821 3416 850 3474 in
865 3414 967 3474 faciem
980 3417 1082 3474 Christi
1098 3413 1139 3471 illi
1154 3413 1316 3470 sacerdotes

730 3489 838 3559 palmas
862 3488 942 3555 daut,
969 3486 1015 3560 qui
1043 3487 1158 3560 pollutis
1185 3485 1317 3542 manibus

729 3558 1316 3633 CorpnsChristitanguntetconlrsclant;

728 3633 808 3700 item,
822 3631 922 3688 taciem
937 3631 1040 3690 Christi
1051 3629 1143 3703 alapis
1155 3627 1316 3698 contundit,

730 3705 776 3777 qui
792 3703 952 3776 proiiiiuum
969 3707 996 3760 in
1034 3705 1165 3760 resentia
1178 3718 1229 3759 sna
1246 3717 1316 3758 con·

729 3776 831 3833 tundit.
848 3805 882 3818 -
897 3774 939 3830 hd
955 3719 1190 3832 conidrmeodnm
1206 3790 1236 3830 se
1251 3775 1317 3829 huic

729 3847 863 3916 articulo,
877 3845 1014 3917 recogitet
1030 3851 1114 3904 homo
1128 3850 1242 3918 quirites
1256 3844 1318 3916 ipse

729 3919 883 3988 imaginem
897 3917 945 3974 uei
961 3919 988 3976 in
1002 3933 1032 3976 se
1047 3916 1214 3985 offenderim
1230 3923 1318 3988 alpii·

728 4001 808 4048 relus
834 3994 881 4058 sit,
900 3991 1055 4048 secuudum
1079 3990 1318 4062 praeparationem

729 4061 828 4131 animi,
843 4077 892 4128 pro
903 4061 1015 4120 Christo
1028 4061 1150 4119 libenter
1163 4061 1234 4118 velle
1243 4060 1271 4116 in
1280 4059 1320 4116 ln·

730 4134 802 4194 ciem
816 4133 898 4192 caedi.
914 4149 969 4190 uon
983 4134 1075 4192 selum
1090 4133 1253 4196 verbaliter,
1267 4129 1317 4187 sed

729 4209 816 4266 etiam
833 4204 947 4262 realiter
962 4222 1029 4264 casu
1045 4214 1216 4279 opportuno.
1235 4206 1318 4272 llam,

730 4277 868 4350 recogitet
895 4280 1047 4346 sacerdos,
1076 4277 1187 4349 quoties
1217 4287 1318 4356 manos

731 4367 797 4408 suas
807 4349 930 4422 pollutas
944 4349 974 4407 in
989 4348 1089 4408 taciem
1103 4346 1206 4406 Christi
1218 4345 1320 4417 injece·

731 4421 779 4493 rit,
794 4423 903 4494 Corpus
925 4437 1008 4482 sunni
1025 4419 1142 4492 indigno
1157 4414 1318 4474 tmetando.
