<?xml version="1.0" encoding="UTF-8"?>
<!DOCTYPE html PUBLIC "-//W3C//DTD XHTML 1.0 Transitional//EN"
    "http://www.w3.org/TR/xhtml1/DTD/xhtml1-transitional.dtd">
<html xmlns="http://www.w3.org/1999/xhtml" xml:lang="en" lang="en">
 <head>
  <title>
</title>
<meta http-equiv="Content-Type" content="text/html;charset=utf-8" />
  <meta name='ocr-system' content='tesseract 3.04.00' />
  <meta name='ocr-capabilities' content='ocr_page ocr_carea ocr_par ocr_line ocrx_word'/>
</head>
<body>
  <div class='ocr_page' id='page_1' title='image "./vitajesuchristi03ludogoog/vitajesuchristi03ludogoog_0231.png"; bbox 0 0 3124 5038; ppageno 0'>
   <div class='ocr_carea' id='block_1_1' title="bbox 149 376 1066 435">
    <p class='ocr_par' dir='ltr' id='par_1_1' title="bbox 149 376 1066 435">
     <span class='ocr_line' id='line_1_1' title="bbox 149 376 1066 435; baseline 0.002 -5"><span class='ocrx_word' id='word_1_1' title='bbox 149 376 196 435; x_wconf 72' lang='lat'>2²0</span> <span class='ocrx_word' id='word_1_2' title='bbox 472 383 629 434; x_wconf 78' lang='lat' dir='ltr'>Sllllllillldl</span> <span class='ocrx_word' id='word_1_3' title='bbox 659 382 783 434; x_wconf 75' lang='lat' dir='ltr'>elutis</span> <span class='ocrx_word' id='word_1_4' title='bbox 811 381 914 434; x_wconf 83' lang='lat' dir='ltr'>clrut</span> <span class='ocrx_word' id='word_1_5' title='bbox 945 379 1066 433; x_wconf 59' lang='lat' dir='ltr'>lixxltl</span> 
     </span>
    </p>
   </div>
   <div class='ocr_carea' id='block_1_2' title="bbox 158 488 746 776">
    <p class='ocr_par' dir='ltr' id='par_1_2' title="bbox 158 488 746 776">
     <span class='ocr_line' id='line_1_2' title="bbox 160 488 745 562; baseline -0.007 -14"><span class='ocrx_word' id='word_1_6' title='bbox 160 491 270 548; x_wconf 81' lang='lat' dir='ltr'>viderat</span> <span class='ocrx_word' id='word_1_7' title='bbox 282 489 380 546; x_wconf 82' lang='lat' dir='ltr'>niortis</span> <span class='ocrx_word' id='word_1_8' title='bbox 393 488 543 562; x_wconf 82' lang='lat' dir='ltr'>supplicia,</span> <span class='ocrx_word' id='word_1_9' title='bbox 556 489 630 558; x_wconf 74' lang='lat' dir='ltr'>quud</span> <span class='ocrx_word' id='word_1_10' title='bbox 644 489 745 544; x_wconf 84' lang='lat' dir='ltr'>Resur-</span> 
     </span>
     <span class='ocr_line' id='line_1_3' title="bbox 158 559 745 633; baseline -0.007 -13"><span class='ocrx_word' id='word_1_11' title='bbox 158 559 293 620; x_wconf 88' lang='lat' dir='ltr'>rectionis</span> <span class='ocrx_word' id='word_1_12' title='bbox 303 567 331 616; x_wconf 87' lang='lat' dir='ltr'>et</span> <span class='ocrx_word' id='word_1_13' title='bbox 345 559 410 616; x_wconf 79' lang='lat' dir='ltr'>rita</span> <span class='ocrx_word' id='word_1_14' title='bbox 422 577 478 616; x_wconf 92' lang='lat' dir='ltr'>non</span> <span class='ocrx_word' id='word_1_15' title='bbox 492 564 603 633; x_wconf 81' lang='lat' dir='ltr'>poterat</span> <span class='ocrx_word' id='word_1_16' title='bbox 615 559 745 630; x_wconf 84' lang='lat' dir='ltr'>accipere</span> 
     </span>
     <span class='ocr_line' id='line_1_4' title="bbox 160 629 746 716; baseline -0.007 -24"><span class='ocrx_word' id='word_1_17' title='bbox 160 637 338 716; x_wconf 86' lang='lat' dir='ltr'>argumenta,</span> <span class='ocrx_word' id='word_1_18' title='bbox 358 631 412 688; x_wconf 93' lang='lat' dir='ltr'>nisi</span> <span class='ocrx_word' id='word_1_19' title='bbox 428 648 483 688; x_wconf 84' lang='lat' dir='ltr'>non</span> <span class='ocrx_word' id='word_1_20' title='bbox 497 631 589 688; x_wconf 87' lang='lat' dir='ltr'>solum</span> <span class='ocrx_word' id='word_1_21' title='bbox 604 629 679 700; x_wconf 80' lang='lat' dir='ltr'>visu,</span> <span class='ocrx_word' id='word_1_22' title='bbox 696 632 746 688; x_wconf 80' lang='lat' dir='ltr'>sed</span> 
     </span>
     <span class='ocr_line' id='line_1_5' title="bbox 162 701 745 776; baseline -0.01 -13"><span class='ocrx_word' id='word_1_23' title='bbox 162 709 247 764; x_wconf 83' lang='lat' dir='ltr'>elram</span> <span class='ocrx_word' id='word_1_24' title='bbox 273 708 349 760; x_wconf 84' lang='lat' dir='ltr'>lactu</span> <span class='ocrx_word' id='word_1_25' title='bbox 362 701 521 776; x_wconf 77' lang='lat' dir='ltr'>perciperet</span> <span class='ocrx_word' id='word_1_26' title='bbox 535 719 579 758; x_wconf 89' lang='lat' dir='ltr'>ea.</span> <span class='ocrx_word' id='word_1_27' title='bbox 607 704 686 759; x_wconf 62' lang='lat' dir='ltr'>Unda·</span> <span class='ocrx_word' id='word_1_28' title='bbox 705 702 745 759; x_wconf 90' lang='lat' dir='ltr'>ait</span> 
     </span>
    </p>
   </div>
   <div class='ocr_carea' id='block_1_3' title="bbox 163 773 759 848">
    <p class='ocr_par' dir='ltr' id='par_1_3' title="bbox 163 773 759 848">
     <span class='ocr_line' id='line_1_6' title="bbox 163 773 759 848; baseline 0 -18"><span class='ocrx_word' id='word_1_29' title='bbox 163 779 368 847; x_wconf 62' lang='lat' dir='ltr'>chrysostomus</span> <span class='ocrx_word' id='word_1_30' title='bbox 383 797 390 831; x_wconf 73' lang='grc' dir='ltr'><strong>ε</strong></span> <span class='ocrx_word' id='word_1_31' title='bbox 413 795 426 826; x_wconf 76' lang='lat' dir='ltr'>a</span> <span class='ocrx_word' id='word_1_32' title='bbox 447 773 517 830; x_wconf 91' lang='lat' dir='ltr'>Aliis</span> <span class='ocrx_word' id='word_1_33' title='bbox 532 775 606 830; x_wconf 90' lang='lat' dir='ltr'>enim</span> <span class='ocrx_word' id='word_1_34' title='bbox 620 773 759 848; x_wconf 88' lang='lat' dir='ltr'>grossior·</span> 
     </span>
    </p>
   </div>
   <div class='ocr_carea' id='block_1_4' title="bbox 162 848 753 2558">
    <p class='ocr_par' dir='ltr' id='par_1_4' title="bbox 162 848 748 1404">
     <span class='ocr_line' id='line_1_7' title="bbox 162 848 746 929; baseline -0.012 -22"><span class='ocrx_word' id='word_1_35' title='bbox 162 848 294 929; x_wconf 42' lang='lat' dir='ltr'>existens}</span> <span class='ocrx_word' id='word_1_36' title='bbox 323 862 387 903; x_wconf 89' lang='lat' dir='ltr'>eam</span> <span class='ocrx_word' id='word_1_37' title='bbox 409 860 475 917; x_wconf 76' lang='lat' dir='ltr'>quae</span> <span class='ocrx_word' id='word_1_38' title='bbox 504 851 547 901; x_wconf 86' lang='lat' dir='ltr'>est</span> <span class='ocrx_word' id='word_1_39' title='bbox 565 861 618 918; x_wconf 81' lang='lat' dir='ltr'>prr</span> <span class='ocrx_word' id='word_1_40' title='bbox 632 861 746 902; x_wconf 90' lang='lat' dir='ltr'>sensum</span> 
     </span>
     <span class='ocr_line' id='line_1_8' title="bbox 162 915 745 992; baseline -0.007 -16"><span class='ocrx_word' id='word_1_41' title='bbox 162 918 387 992; x_wconf 78' lang='lat' dir='ltr'>grossissinuin,</span> <span class='ocrx_word' id='word_1_42' title='bbox 403 915 511 973; x_wconf 88' lang='lat' dir='ltr'>scilicet</span> <span class='ocrx_word' id='word_1_43' title='bbox 534 921 652 986; x_wconf 84' lang='lat' dir='ltr'>tactum,</span> <span class='ocrx_word' id='word_1_44' title='bbox 668 933 745 988; x_wconf 84' lang='lat' dir='ltr'>quae·</span> 
     </span>
     <span class='ocr_line' id='line_1_9' title="bbox 164 988 746 1059; baseline -0.003 -13"><span class='ocrx_word' id='word_1_45' title='bbox 164 992 245 1048; x_wconf 87' lang='lat' dir='ltr'>rebat</span> <span class='ocrx_word' id='word_1_46' title='bbox 261 989 366 1056; x_wconf 84' lang='lat' dir='ltr'>tidcm;</span> <span class='ocrx_word' id='word_1_47' title='bbox 383 993 412 1044; x_wconf 86' lang='lat' dir='ltr'>et</span> <span class='ocrx_word' id='word_1_48' title='bbox 432 1004 525 1059; x_wconf 82' lang='lat' dir='ltr'>neque</span> <span class='ocrx_word' id='word_1_49' title='bbox 538 988 627 1045; x_wconf 94' lang='lat' dir='ltr'>oculis</span> <span class='ocrx_word' id='word_1_50' title='bbox 648 989 746 1044; x_wconf 83' lang='lat' dir='ltr'>crede-</span> 
     </span>
     <span class='ocr_line' id='line_1_10' title="bbox 163 1058 745 1129; baseline -0.005 -10"><span class='ocrx_word' id='word_1_51' title='bbox 163 1064 223 1119; x_wconf 90' lang='lat' dir='ltr'>bat.</span> <span class='ocrx_word' id='word_1_52' title='bbox 246 1081 258 1114; x_wconf 80' lang='lat' dir='ltr'>o</span> <span class='ocrx_word' id='word_1_53' title='bbox 283 1063 489 1116; x_wconf 83' lang='lat' dir='ltr'>Remanserunt</span> <span class='ocrx_word' id='word_1_54' title='bbox 507 1065 602 1116; x_wconf 83' lang='lat' dir='ltr'>autem</span> <span class='ocrx_word' id='word_1_55' title='bbox 618 1058 745 1129; x_wconf 82' lang='lat' dir='ltr'>discipuli</span> 
     </span>
     <span class='ocr_line' id='line_1_11' title="bbox 162 1129 746 1200; baseline -0.005 -11"><span class='ocrx_word' id='word_1_56' title='bbox 162 1131 295 1200; x_wconf 74' lang='lat' dir='ltr'>famelici,</span> <span class='ocrx_word' id='word_1_57' title='bbox 312 1129 447 1188; x_wconf 70' lang='lat' dir='ltr'>sitibundi</span> <span class='ocrx_word' id='word_1_58' title='bbox 464 1132 499 1188; x_wconf 90' lang='lat' dir='ltr'>de</span> <span class='ocrx_word' id='word_1_59' title='bbox 512 1131 630 1188; x_wconf 83' lang='lat' dir='ltr'>llomino</span> <span class='ocrx_word' id='word_1_60' title='bbox 642 1133 746 1198; x_wconf 86' lang='lat' dir='ltr'>suo‚dc</span> 
     </span>
     <span class='ocr_line' id='line_1_12' title="bbox 164 1201 746 1276; baseline -0.003 -16"><span class='ocrx_word' id='word_1_61' title='bbox 164 1219 219 1276; x_wconf 84' lang='lat' dir='ltr'>quo</span> <span class='ocrx_word' id='word_1_62' title='bbox 234 1207 343 1260; x_wconf 87' lang='lat' dir='ltr'>tautam</span> <span class='ocrx_word' id='word_1_63' title='bbox 370 1201 479 1275; x_wconf 81' lang='lat' dir='ltr'>copiam</span> <span class='ocrx_word' id='word_1_64' title='bbox 499 1202 605 1259; x_wconf 88' lang='lat' dir='ltr'>babere</span> <span class='ocrx_word' id='word_1_65' title='bbox 626 1217 746 1258; x_wconf 89' lang='lat' dir='ltr'>consuc-</span> 
     </span>
     <span class='ocr_line' id='line_1_13' title="bbox 165 1273 748 1346; baseline 0 -16"><span class='ocrx_word' id='word_1_66' title='bbox 165 1280 272 1340; x_wconf 79' lang='lat' dir='ltr'>verant,</span> <span class='ocrx_word' id='word_1_67' title='bbox 288 1279 316 1330; x_wconf 90' lang='lat' dir='ltr'>at</span> <span class='ocrx_word' id='word_1_68' title='bbox 330 1289 393 1330; x_wconf 89' lang='lat' dir='ltr'>eum</span> <span class='ocrx_word' id='word_1_69' title='bbox 410 1289 486 1346; x_wconf 81' lang='lat' dir='ltr'>sape</span> <span class='ocrx_word' id='word_1_70' title='bbox 501 1273 630 1346; x_wconf 78' lang='lat' dir='ltr'>suspiriis</span> <span class='ocrx_word' id='word_1_71' title='bbox 645 1279 674 1330; x_wconf 86' lang='lat' dir='ltr'>ct</span> <span class='ocrx_word' id='word_1_72' title='bbox 698 1273 748 1330; x_wconf 91' lang='lat' dir='ltr'>de·</span> 
     </span>
     <span class='ocr_line' id='line_1_14' title="bbox 163 1345 469 1404; baseline -0.013 0"><span class='ocrx_word' id='word_1_73' title='bbox 163 1345 276 1404; x_wconf 83' lang='lat' dir='ltr'>sideriis</span> <span class='ocrx_word' id='word_1_74' title='bbox 288 1346 469 1402; x_wconf 80' lang='lat' dir='ltr'>revocabant.</span> 
     </span>
    </p>

    <p class='ocr_par' dir='ltr' id='par_1_5' title="bbox 166 1418 753 2558">
     <span class='ocr_line' id='line_1_15' title="bbox 203 1418 748 1490; baseline -0.004 -16"><span class='ocrx_word' id='word_1_75' title='bbox 203 1440 233 1490; x_wconf 83' lang='lat'>17</span> <span class='ocrx_word' id='word_1_76' title='bbox 250 1418 465 1474; x_wconf 73' lang='lat' dir='ltr'>Rscnrrrumrro</span> <span class='ocrx_word' id='word_1_77' title='bbox 478 1433 677 1474; x_wconf 76' lang='lat' dir='ltr'>arrsnrrronuu</span> <span class='ocrx_word' id='word_1_78' title='bbox 692 1434 748 1472; x_wconf 82' lang='lat' dir='ltr'>uini</span> 
     </span>
     <span class='ocr_line' id='line_1_16' title="bbox 168 1486 749 1559; baseline -0.003 -13"><span class='ocrx_word' id='word_1_79' title='bbox 168 1491 289 1546; x_wconf 75' lang='lat' dir='ltr'>Pascua.</span> <span class='ocrx_word' id='word_1_80' title='bbox 320 1519 351 1530; x_wconf 90' lang='lat'>-</span> <span class='ocrx_word' id='word_1_81' title='bbox 383 1486 484 1544; x_wconf 89' lang='lat' dir='ltr'>Vidisti</span> <span class='ocrx_word' id='word_1_82' title='bbox 526 1488 637 1559; x_wconf 88' lang='lat' dir='ltr'>quoties</span> <span class='ocrx_word' id='word_1_83' title='bbox 664 1487 749 1544; x_wconf 81' lang='lat' dir='ltr'>hodie</span> 
     </span>
     <span class='ocr_line' id='line_1_17' title="bbox 167 1558 750 1631; baseline -0.007 -13"><span class='ocrx_word' id='word_1_84' title='bbox 167 1562 276 1618; x_wconf 84' lang='lat' dir='ltr'>Pascha</span> <span class='ocrx_word' id='word_1_85' title='bbox 296 1558 430 1628; x_wconf 59' lang='lat' dir='ltr'>habuisti,</span> <span class='ocrx_word' id='word_1_86' title='bbox 449 1575 514 1616; x_wconf 91' lang='lat' dir='ltr'>nam</span> <span class='ocrx_word' id='word_1_87' title='bbox 532 1576 631 1616; x_wconf 79' lang='lat' dir='ltr'>omncs</span> <span class='ocrx_word' id='word_1_88' title='bbox 645 1558 750 1631; x_wconf 79' lang='lat' dir='ltr'>praedi-</span> 
     </span>
     <span class='ocr_line' id='line_1_18' title="bbox 166 1630 750 1704; baseline -0.005 -15"><span class='ocrx_word' id='word_1_89' title='bbox 166 1638 219 1689; x_wconf 79' lang='lat' dir='ltr'>ctae</span> <span class='ocrx_word' id='word_1_90' title='bbox 236 1631 428 1704; x_wconf 84' lang='lat' dir='ltr'>apparitiones</span> <span class='ocrx_word' id='word_1_91' title='bbox 448 1630 477 1687; x_wconf 94' lang='lat' dir='ltr'>iu</span> <span class='ocrx_word' id='word_1_92' title='bbox 492 1630 538 1688; x_wconf 88' lang='lat' dir='ltr'>die</span> <span class='ocrx_word' id='word_1_93' title='bbox 555 1630 750 1688; x_wconf 79' lang='lat' dir='ltr'>Resurrectio-</span> 
     </span>
     <span class='ocr_line' id='line_1_19' title="bbox 167 1701 750 1772; baseline -0.007 -12"><span class='ocrx_word' id='word_1_94' title='bbox 167 1703 211 1760; x_wconf 90' lang='lat' dir='ltr'>nis</span> <span class='ocrx_word' id='word_1_95' title='bbox 226 1703 350 1771; x_wconf 84' lang='lat' dir='ltr'>luerunt,</span> <span class='ocrx_word' id='word_1_96' title='bbox 365 1705 400 1758; x_wconf 86' lang='lat' dir='ltr'>de</span> <span class='ocrx_word' id='word_1_97' title='bbox 416 1702 520 1772; x_wconf 85' lang='lat' dir='ltr'>quibus</span> <span class='ocrx_word' id='word_1_98' title='bbox 539 1709 648 1758; x_wconf 89' lang='lat' dir='ltr'>tantum</span> <span class='ocrx_word' id='word_1_99' title='bbox 665 1701 750 1772; x_wconf 78' lang='lat' dir='ltr'>nuin-</span> 
     </span>
     <span class='ocr_line' id='line_1_20' title="bbox 167 1771 751 1845; baseline -0.003 -15"><span class='ocrx_word' id='word_1_100' title='bbox 167 1774 258 1845; x_wconf 86' lang='lat' dir='ltr'>quein</span> <span class='ocrx_word' id='word_1_101' title='bbox 275 1771 426 1843; x_wconf 83' lang='lat' dir='ltr'>Evangelio</span> <span class='ocrx_word' id='word_1_102' title='bbox 442 1773 555 1842; x_wconf 86' lang='lat' dir='ltr'>scriptae</span> <span class='ocrx_word' id='word_1_103' title='bbox 570 1780 647 1840; x_wconf 93' lang='lat' dir='ltr'>sunl,</span> <span class='ocrx_word' id='word_1_104' title='bbox 657 1778 685 1828; x_wconf 90' lang='lat' dir='ltr'>et</span> <span class='ocrx_word' id='word_1_105' title='bbox 699 1774 751 1828; x_wconf 83' lang='lat' dir='ltr'>lias</span> 
     </span>
     <span class='ocr_line' id='line_1_21' title="bbox 168 1843 751 1916; baseline 0 -16"><span class='ocrx_word' id='word_1_106' title='bbox 168 1844 293 1916; x_wconf 88' lang='lat' dir='ltr'>quinqua</span> <span class='ocrx_word' id='word_1_107' title='bbox 332 1847 518 1915; x_wconf 78' lang='lat' dir='ltr'>repraesenun</span> <span class='ocrx_word' id='word_1_108' title='bbox 552 1845 685 1901; x_wconf 85' lang='lat' dir='ltr'>sacerdos</span> <span class='ocrx_word' id='word_1_109' title='bbox 722 1843 751 1900; x_wconf 92' lang='lat' dir='ltr'>in</span> 
     </span>
     <span class='ocr_line' id='line_1_22' title="bbox 168 1913 752 1988; baseline -0.002 -15"><span class='ocrx_word' id='word_1_110' title='bbox 168 1915 256 1973; x_wconf 90' lang='lat' dir='ltr'>missa</span> <span class='ocrx_word' id='word_1_111' title='bbox 269 1913 421 1986; x_wconf 76' lang='lat' dir='ltr'>quinquies</span> <span class='ocrx_word' id='word_1_112' title='bbox 437 1930 467 1971; x_wconf 87' lang='lat' dir='ltr'>sc</span> <span class='ocrx_word' id='word_1_113' title='bbox 482 1920 595 1972; x_wconf 78' lang='lat' dir='ltr'>vertens</span> <span class='ocrx_word' id='word_1_114' title='bbox 614 1916 648 1972; x_wconf 90' lang='lat' dir='ltr'>ad</span> <span class='ocrx_word' id='word_1_115' title='bbox 664 1932 752 1988; x_wconf 85' lang='lat' dir='ltr'>ponu-</span> 
     </span>
     <span class='ocr_line' id='line_1_23' title="bbox 167 1985 751 2112; baseline 0 -68"><span class='ocrx_word' id='word_1_116' title='bbox 167 1986 238 2056; x_wconf 82' lang='lat' dir='ltr'>lum,</span> <span class='ocrx_word' id='word_1_117' title='bbox 249 1993 277 2044; x_wconf 85' lang='lat' dir='ltr'>et</span> <span class='ocrx_word' id='word_1_118' title='bbox 290 1985 371 2057; x_wconf 62' lang='lat' dir='ltr'>quini</span> <span class='ocrx_word' id='word_1_119' title='bbox 386 2001 438 2112; x_wconf 56' lang='lat' dir='ltr'>pro</span> <span class='ocrx_word' id='word_1_120' title='bbox 454 1990 630 2059; x_wconf 89' lang='lat' dir='ltr'>apparitione</span> <span class='ocrx_word' id='word_1_121' title='bbox 644 2003 751 2060; x_wconf 71' lang='lat' dir='ltr'>repren-</span> 
     </span>
     <span class='ocr_line' id='line_1_24' title="bbox 168 2057 751 2122; baseline -0.003 -6"><span class='ocrx_word' id='word_1_122' title='bbox 168 2063 283 2116; x_wconf 84' lang='lat' dir='ltr'>sentens</span> <span class='ocrx_word' id='word_1_123' title='bbox 297 2057 338 2115; x_wconf 87' lang='lat' dir='ltr'>eis</span> <span class='ocrx_word' id='word_1_124' title='bbox 352 2074 388 2115; x_wconf 88' lang='lat' dir='ltr'>vu</span> <span class='ocrx_word' id='word_1_125' title='bbox 401 2063 476 2122; x_wconf 86' lang='lat' dir='ltr'>lum;</span> <span class='ocrx_word' id='word_1_126' title='bbox 493 2061 542 2115; x_wconf 66' lang='lat' dir='ltr'>secl</span> <span class='ocrx_word' id='word_1_127' title='bbox 558 2059 642 2116; x_wconf 84' lang='lat' dir='ltr'>tortia</span> <span class='ocrx_word' id='word_1_128' title='bbox 659 2059 751 2114; x_wconf 63' lang='lat' dir='ltr'>versio</span> 
     </span>
     <span class='ocr_line' id='line_1_25' title="bbox 168 2129 750 2203; baseline -0.005 -15"><span class='ocrx_word' id='word_1_129' title='bbox 168 2135 211 2188; x_wconf 86' lang='lat' dir='ltr'>est</span> <span class='ocrx_word' id='word_1_130' title='bbox 229 2146 292 2187; x_wconf 92' lang='lat' dir='ltr'>cum</span> <span class='ocrx_word' id='word_1_131' title='bbox 309 2129 431 2198; x_wconf 79' lang='lat' dir='ltr'>silentio,</span> <span class='ocrx_word' id='word_1_132' title='bbox 448 2145 511 2201; x_wconf 81' lang='lat' dir='ltr'>quae</span> <span class='ocrx_word' id='word_1_133' title='bbox 533 2131 675 2203; x_wconf 84' lang='lat' dir='ltr'>significat</span> <span class='ocrx_word' id='word_1_134' title='bbox 692 2136 750 2186; x_wconf 91' lang='lat' dir='ltr'>ter·</span> 
     </span>
     <span class='ocr_line' id='line_1_26' title="bbox 170 2201 751 2274; baseline 0.003 -18"><span class='ocrx_word' id='word_1_135' title='bbox 170 2201 237 2258; x_wconf 89' lang='lat' dir='ltr'>tiam</span> <span class='ocrx_word' id='word_1_136' title='bbox 250 2217 282 2258; x_wconf 84' lang='lat' dir='ltr'>ex</span> <span class='ocrx_word' id='word_1_137' title='bbox 295 2203 337 2258; x_wconf 88' lang='lat' dir='ltr'>bis</span> <span class='ocrx_word' id='word_1_138' title='bbox 352 2201 562 2274; x_wconf 84' lang='lat' dir='ltr'>apparitionem</span> <span class='ocrx_word' id='word_1_139' title='bbox 579 2207 680 2258; x_wconf 83' lang='lat' dir='ltr'>tactam</span> <span class='ocrx_word' id='word_1_140' title='bbox 693 2203 751 2258; x_wconf 86' lang='lat' dir='ltr'>Pe-</span> 
     </span>
     <span class='ocr_line' id='line_1_27' title="bbox 170 2272 752 2346; baseline -0.002 -17"><span class='ocrx_word' id='word_1_141' title='bbox 170 2278 225 2342; x_wconf 90' lang='lat' dir='ltr'>tro,</span> <span class='ocrx_word' id='word_1_142' title='bbox 241 2275 307 2346; x_wconf 87' lang='lat' dir='ltr'>quia</span> <span class='ocrx_word' id='word_1_143' title='bbox 322 2275 447 2330; x_wconf 86' lang='lat' dir='ltr'>nescitur</span> <span class='ocrx_word' id='word_1_144' title='bbox 461 2272 509 2330; x_wconf 90' lang='lat' dir='ltr'>ubi</span> <span class='ocrx_word' id='word_1_145' title='bbox 524 2273 567 2328; x_wconf 88' lang='lat' dir='ltr'>vel</span> <span class='ocrx_word' id='word_1_146' title='bbox 583 2275 696 2344; x_wconf 85' lang='lat' dir='ltr'>quando</span> <span class='ocrx_word' id='word_1_147' title='bbox 712 2273 752 2328; x_wconf 89' lang='lat' dir='ltr'>la-</span> 
     </span>
     <span class='ocr_line' id='line_1_28' title="bbox 173 2343 752 2416; baseline -0.003 -15"><span class='ocrx_word' id='word_1_148' title='bbox 173 2349 219 2401; x_wconf 88' lang='lat' dir='ltr'>cta</span> <span class='ocrx_word' id='word_1_149' title='bbox 244 2343 330 2416; x_wconf 84' lang='lat' dir='ltr'>luerit</span> <span class='ocrx_word' id='word_1_150' title='bbox 353 2345 414 2400; x_wconf 81' lang='lat' dir='ltr'>lraec</span> <span class='ocrx_word' id='word_1_151' title='bbox 437 2343 598 2414; x_wconf 78' lang='lat' dir='ltr'>apparitio;</span> <span class='ocrx_word' id='word_1_152' title='bbox 625 2360 676 2416; x_wconf 88' lang='lat' dir='ltr'>per</span> <span class='ocrx_word' id='word_1_153' title='bbox 699 2344 752 2399; x_wconf 79' lang='lat' dir='ltr'>hoc</span> 
     </span>
     <span class='ocr_line' id='line_1_29' title="bbox 171 2414 752 2486; baseline 0 -16"><span class='ocrx_word' id='word_1_154' title='bbox 171 2417 256 2472; x_wconf 89' lang='lat' dir='ltr'>etiam</span> <span class='ocrx_word' id='word_1_155' title='bbox 280 2430 330 2470; x_wconf 91' lang='lat' dir='ltr'>eas</span> <span class='ocrx_word' id='word_1_156' title='bbox 357 2420 553 2486; x_wconf 78' lang='lat' dir='ltr'>repraesentat,</span> <span class='ocrx_word' id='word_1_157' title='bbox 573 2415 648 2486; x_wconf 89' lang='lat' dir='ltr'>quod</span> <span class='ocrx_word' id='word_1_158' title='bbox 673 2414 752 2486; x_wconf 85' lang='lat' dir='ltr'>quin·</span> 
     </span>
     <span class='ocr_line' id='line_1_30' title="bbox 169 2484 753 2558; baseline 0 -16"><span class='ocrx_word' id='word_1_159' title='bbox 169 2489 250 2558; x_wconf 87' lang='lat' dir='ltr'>quies</span> <span class='ocrx_word' id='word_1_160' title='bbox 273 2487 405 2541; x_wconf 82' lang='lat' dir='ltr'>Dominus</span> <span class='ocrx_word' id='word_1_161' title='bbox 424 2485 563 2540; x_wconf 81' lang='lat' dir='ltr'>uobiscum</span> <span class='ocrx_word' id='word_1_162' title='bbox 587 2484 666 2541; x_wconf 88' lang='lat' dir='ltr'>dicit.</span> <span class='ocrx_word' id='word_1_163' title='bbox 697 2485 753 2542; x_wconf 88' lang='lat' dir='ltr'>Sed</span> 
     </span>
    </p>
   </div>
   <div class='ocr_carea' id='block_1_5' title="bbox 804 484 1422 2562">
    <p class='ocr_par' dir='ltr' id='par_1_6' title="bbox 804 484 1422 2272">
     <span class='ocr_line' id='line_1_31' title="bbox 806 484 1419 558; baseline -0.003 -14"><span class='ocrx_word' id='word_1_164' title='bbox 806 489 879 544; x_wconf 88' lang='lat' dir='ltr'>lorta</span> <span class='ocrx_word' id='word_1_165' title='bbox 894 484 1071 554; x_wconf 69' lang='lat' dir='ltr'>audistincm</span> <span class='ocrx_word' id='word_1_166' title='bbox 1081 489 1176 544; x_wconf 87' lang='lat' dir='ltr'>lamen</span> <span class='ocrx_word' id='word_1_167' title='bbox 1189 486 1338 556; x_wconf 86' lang='lat' dir='ltr'>sensisti,</span> <span class='ocrx_word' id='word_1_168' title='bbox 1349 487 1419 558; x_wconf 83' lang='lat' dir='ltr'>quia</span> 
     </span>
     <span class='ocr_line' id='line_1_32' title="bbox 805 557 1419 630; baseline -0.002 -15"><span class='ocrx_word' id='word_1_169' title='bbox 805 575 857 615; x_wconf 89' lang='lat' dir='ltr'>nec</span> <span class='ocrx_word' id='word_1_170' title='bbox 872 559 943 614; x_wconf 87' lang='lat' dir='ltr'>lorte</span> <span class='ocrx_word' id='word_1_171' title='bbox 959 557 986 613; x_wconf 91' lang='lat' dir='ltr'>in</span> <span class='ocrx_word' id='word_1_172' title='bbox 1013 558 1147 615; x_wconf 81' lang='lat' dir='ltr'>Passione</span> <span class='ocrx_word' id='word_1_173' title='bbox 1162 559 1419 630; x_wconf 79' lang='lat' dir='ltr'>compassionem</span> 
     </span>
     <span class='ocr_line' id='line_1_33' title="bbox 804 628 1420 702; baseline 0 -16"><span class='ocrx_word' id='word_1_174' title='bbox 804 628 940 688; x_wconf 85' lang='lat' dir='ltr'>habuisti.</span> <span class='ocrx_word' id='word_1_175' title='bbox 955 629 1040 685; x_wconf 89' lang='lat' dir='ltr'>credo</span> <span class='ocrx_word' id='word_1_176' title='bbox 1056 629 1130 685; x_wconf 92' lang='lat' dir='ltr'>enim</span> <span class='ocrx_word' id='word_1_177' title='bbox 1143 630 1225 702; x_wconf 87' lang='lat' dir='ltr'>quod</span> <span class='ocrx_word' id='word_1_178' title='bbox 1243 631 1271 686; x_wconf 89' lang='lat' dir='ltr'>si</span> <span class='ocrx_word' id='word_1_179' title='bbox 1288 630 1321 686; x_wconf 92' lang='lat' dir='ltr'>in</span> <span class='ocrx_word' id='word_1_180' title='bbox 1342 633 1420 686; x_wconf 80' lang='lat' dir='ltr'>l’as-</span> 
     </span>
     <span class='ocr_line' id='line_1_34' title="bbox 805 701 1421 770; baseline -0.003 -12"><span class='ocrx_word' id='word_1_181' title='bbox 805 701 884 758; x_wconf 84' lang='lat' dir='ltr'>sione</span> <span class='ocrx_word' id='word_1_182' title='bbox 898 703 1019 768; x_wconf 85' lang='lat' dir='ltr'>compati</span> <span class='ocrx_word' id='word_1_183' title='bbox 1033 702 1131 770; x_wconf 84' lang='lat' dir='ltr'>scires,</span> <span class='ocrx_word' id='word_1_184' title='bbox 1147 707 1175 758; x_wconf 89' lang='lat' dir='ltr'>el</span> <span class='ocrx_word' id='word_1_185' title='bbox 1187 707 1340 759; x_wconf 79' lang='lat' dir='ltr'>mentem</span> <span class='ocrx_word' id='word_1_186' title='bbox 1358 701 1421 756; x_wconf 79' lang='lat' dir='ltr'>irni-</span> 
     </span>
     <span class='ocr_line' id='line_1_35' title="bbox 804 771 1420 844; baseline -0.003 -14"><span class='ocrx_word' id='word_1_187' title='bbox 804 779 874 843; x_wconf 84' lang='lat' dir='ltr'>tam,</span> <span class='ocrx_word' id='word_1_188' title='bbox 897 780 926 829; x_wconf 88' lang='lat' dir='ltr'>et</span> <span class='ocrx_word' id='word_1_189' title='bbox 951 789 1008 828; x_wconf 91' lang='lat' dir='ltr'>nou</span> <span class='ocrx_word' id='word_1_190' title='bbox 1031 788 1158 844; x_wconf 88' lang='lat' dir='ltr'>sparsam</span> <span class='ocrx_word' id='word_1_191' title='bbox 1181 774 1222 830; x_wconf 89' lang='lat' dir='ltr'>ad</span> <span class='ocrx_word' id='word_1_192' title='bbox 1253 771 1420 842; x_wconf 87' lang='lat' dir='ltr'>secularia,</span> 
     </span>
     <span class='ocr_line' id='line_1_36' title="bbox 804 833 1420 912; baseline -0.002 -10"><span class='ocrx_word' id='word_1_193' title='bbox 804 855 854 902; x_wconf 89' lang='lat' dir='ltr'>aut</span> <span class='ocrx_word' id='word_1_194' title='bbox 869 845 1024 912; x_wconf 79' lang='lat' dir='ltr'>superflua,</span> <span class='ocrx_word' id='word_1_195' title='bbox 1036 844 1079 900; x_wconf 91' lang='lat' dir='ltr'>vel</span> <span class='ocrx_word' id='word_1_196' title='bbox 1096 847 1209 902; x_wconf 78' lang='lat' dir='ltr'>curiosa</span> <span class='ocrx_word' id='word_1_197' title='bbox 1220 833 1375 910; x_wconf 56' lang='lat' dir='ltr'>baberess.</span> <span class='ocrx_word' id='word_1_198' title='bbox 1393 848 1420 901; x_wconf 91' lang='lat' dir='ltr'>iu</span> 
     </span>
     <span class='ocr_line' id='line_1_37' title="bbox 806 915 1421 988; baseline -0.002 -16"><span class='ocrx_word' id='word_1_199' title='bbox 806 915 932 988; x_wconf 79' lang='lat' dir='ltr'>qualibet</span> <span class='ocrx_word' id='word_1_200' title='bbox 947 919 1007 971; x_wconf 84' lang='lat' dir='ltr'>vice</span> <span class='ocrx_word' id='word_1_201' title='bbox 1023 915 1144 973; x_wconf 88' lang='lat' dir='ltr'>sentires</span> <span class='ocrx_word' id='word_1_202' title='bbox 1160 921 1297 984; x_wconf 83' lang='lat' dir='ltr'>Pascha,</span> <span class='ocrx_word' id='word_1_203' title='bbox 1316 923 1348 972; x_wconf 89' lang='lat' dir='ltr'>et</span> <span class='ocrx_word' id='word_1_204' title='bbox 1366 918 1421 972; x_wconf 86' lang='lat' dir='ltr'>hoc</span> 
     </span>
     <span class='ocr_line' id='line_1_38' title="bbox 806 986 1421 1060; baseline 0 -18"><span class='ocrx_word' id='word_1_205' title='bbox 806 987 857 1044; x_wconf 85' lang='lat' dir='ltr'>nbi</span> <span class='ocrx_word' id='word_1_206' title='bbox 883 986 1048 1058; x_wconf 80' lang='lat' dir='ltr'>contingere</span> <span class='ocrx_word' id='word_1_207' title='bbox 1076 996 1172 1057; x_wconf 86' lang='lat' dir='ltr'>posset</span> <span class='ocrx_word' id='word_1_208' title='bbox 1195 988 1348 1060; x_wconf 84' lang='lat' dir='ltr'>qualibet</span> <span class='ocrx_word' id='word_1_209' title='bbox 1373 986 1421 1042; x_wconf 92' lang='lat' dir='ltr'>dic</span> 
     </span>
     <span class='ocr_line' id='line_1_39' title="bbox 806 1057 1422 1142; baseline -0.002 -27"><span class='ocrx_word' id='word_1_210' title='bbox 806 1057 977 1127; x_wconf 71' lang='lat' dir='ltr'>Dominicis,</span> <span class='ocrx_word' id='word_1_211' title='bbox 1008 1060 1031 1112; x_wconf 91' lang='lat' dir='ltr'>si</span> <span class='ocrx_word' id='word_1_212' title='bbox 1059 1065 1154 1116; x_wconf 83' lang='lat' dir='ltr'>mente</span> <span class='ocrx_word' id='word_1_213' title='bbox 1183 1059 1315 1142; x_wconf 83' lang='lat' dir='ltr'>integra</span> <span class='ocrx_word' id='word_1_214' title='bbox 1347 1058 1422 1115; x_wconf 78' lang='lat' dir='ltr'>feria</span> 
     </span>
     <span class='ocr_line' id='line_1_40' title="bbox 807 1130 1421 1188; baseline -0.002 -2"><span class='ocrx_word' id='word_1_215' title='bbox 807 1136 886 1186; x_wconf 82' lang='lat' dir='ltr'>sexta</span> <span class='ocrx_word' id='word_1_216' title='bbox 900 1139 928 1185; x_wconf 85' lang='lat' dir='ltr'>ct</span> <span class='ocrx_word' id='word_1_217' title='bbox 942 1130 1060 1186; x_wconf 87' lang='lat' dir='ltr'>sabbalo</span> <span class='ocrx_word' id='word_1_218' title='bbox 1086 1139 1112 1186; x_wconf 90' lang='lat' dir='ltr'>te</span> <span class='ocrx_word' id='word_1_219' title='bbox 1132 1133 1160 1186; x_wconf 89' lang='lat' dir='ltr'>in</span> <span class='ocrx_word' id='word_1_220' title='bbox 1181 1132 1343 1188; x_wconf 83' lang='lat' dir='ltr'>Passione</span> <span class='ocrx_word' id='word_1_221' title='bbox 1359 1133 1421 1186; x_wconf 86' lang='lat' dir='ltr'>Do-</span> 
     </span>
     <span class='ocr_line' id='line_1_41' title="bbox 808 1201 1418 1272; baseline -0.002 -15"><span class='ocrx_word' id='word_1_222' title='bbox 808 1201 875 1257; x_wconf 89' lang='lat' dir='ltr'>mini</span> <span class='ocrx_word' id='word_1_223' title='bbox 885 1216 1074 1272; x_wconf 65' lang='lat' dir='ltr'>praepararem</span> <span class='ocrx_word' id='word_1_224' title='bbox 1087 1201 1418 1272; x_wconf 65' lang='lat' dir='ltr'>quoniamst-erundum</span> 
     </span>
     <span class='ocr_line' id='line_1_42' title="bbox 807 1273 1421 1345; baseline -0.005 -15"><span class='ocrx_word' id='word_1_225' title='bbox 807 1273 1001 1345; x_wconf 78' lang='lat' dir='ltr'>Apostolum:</span> <span class='ocrx_word' id='word_1_226' title='bbox 1029 1275 1106 1330; x_wconf 83' lang='lat' dir='ltr'>Sicut</span> <span class='ocrx_word' id='word_1_227' title='bbox 1136 1277 1204 1330; x_wconf 86' lang='lat' dir='ltr'>socii</span> <span class='ocrx_word' id='word_1_228' title='bbox 1236 1278 1421 1331; x_wconf 79' lang='lat' dir='ltr'>Passienum</span> 
     </span>
     <span class='ocr_line' id='line_1_43' title="bbox 808 1346 1420 1410; baseline 0 -10"><span class='ocrx_word' id='word_1_229' title='bbox 808 1347 940 1410; x_wconf 69' lang='lat' dir='ltr'>occissis</span> <span class='ocrx_word' id='word_1_230' title='bbox 959 1346 1037 1398; x_wconf 82' lang='lat' dir='ltr'>erilis</span> <span class='ocrx_word' id='word_1_231' title='bbox 1056 1351 1082 1400; x_wconf 84' lang='lat' dir='ltr'>et</span> <span class='ocrx_word' id='word_1_232' title='bbox 1095 1349 1317 1402; x_wconf 76' lang='lat' dir='ltr'>consolationis.</span> <span class='ocrx_word' id='word_1_233' title='bbox 1339 1347 1420 1401; x_wconf 84' lang='lat' dir='ltr'>Tunc</span> 
     </span>
     <span class='ocr_line' id='line_1_44' title="bbox 809 1415 1419 1474; baseline 0 -5"><span class='ocrx_word' id='word_1_234' title='bbox 809 1433 875 1472; x_wconf 82' lang='lat' dir='ltr'>vero</span> <span class='ocrx_word' id='word_1_235' title='bbox 890 1415 1027 1472; x_wconf 91' lang='lat' dir='ltr'>llominus</span> <span class='ocrx_word' id='word_1_236' title='bbox 1038 1417 1121 1472; x_wconf 88' lang='lat' dir='ltr'>lesus</span> <span class='ocrx_word' id='word_1_237' title='bbox 1135 1417 1273 1474; x_wconf 86' lang='lat' dir='ltr'>rediitad</span> <span class='ocrx_word' id='word_1_238' title='bbox 1293 1423 1419 1474; x_wconf 85' lang='lat' dir='ltr'>sanctos</span> 
     </span>
     <span class='ocr_line' id='line_1_45' title="bbox 810 1486 1418 1558; baseline -0.003 -14"><span class='ocrx_word' id='word_1_239' title='bbox 810 1490 918 1555; x_wconf 81' lang='lat' dir='ltr'>Patres,</span> <span class='ocrx_word' id='word_1_240' title='bbox 934 1486 981 1558; x_wconf 89' lang='lat' dir='ltr'>qni</span> <span class='ocrx_word' id='word_1_241' title='bbox 993 1503 1089 1543; x_wconf 88' lang='lat' dir='ltr'>coram</span> <span class='ocrx_word' id='word_1_242' title='bbox 1104 1504 1138 1544; x_wconf 88' lang='lat' dir='ltr'>eo</span> <span class='ocrx_word' id='word_1_243' title='bbox 1154 1505 1212 1546; x_wconf 89' lang='lat' dir='ltr'>non</span> <span class='ocrx_word' id='word_1_244' title='bbox 1230 1488 1351 1556; x_wconf 71' lang='lat' dir='ltr'>otiose,</span> <span class='ocrx_word' id='word_1_245' title='bbox 1367 1486 1418 1543; x_wconf 90' lang='lat' dir='ltr'>sed</span> 
     </span>
     <span class='ocr_line' id='line_1_46' title="bbox 808 1558 1416 1643; baseline 0.002 -31"><span class='ocrx_word' id='word_1_246' title='bbox 808 1558 959 1630; x_wconf 84' lang='lat' dir='ltr'>vigilanter</span> <span class='ocrx_word' id='word_1_247' title='bbox 968 1559 1100 1616; x_wconf 90' lang='lat' dir='ltr'>laudibus</span> <span class='ocrx_word' id='word_1_248' title='bbox 1113 1559 1297 1618; x_wconf 85' lang='lat' dir='ltr'>insistebant</span> <span class='ocrx_word' id='word_1_249' title='bbox 1308 1561 1416 1643; x_wconf 80' lang='lat' dir='ltr'>jucun·</span> 
     </span>
     <span class='ocr_line' id='line_1_47' title="bbox 809 1631 1417 1690; baseline -0.005 -3"><span class='ocrx_word' id='word_1_250' title='bbox 809 1631 919 1687; x_wconf 89' lang='lat' dir='ltr'>dantes.</span> <span class='ocrx_word' id='word_1_251' title='bbox 946 1631 1065 1688; x_wconf 89' lang='lat' dir='ltr'>Stabant</span> <span class='ocrx_word' id='word_1_252' title='bbox 1081 1631 1155 1687; x_wconf 90' lang='lat' dir='ltr'>enim</span> <span class='ocrx_word' id='word_1_253' title='bbox 1181 1632 1209 1688; x_wconf 92' lang='lat' dir='ltr'>in</span> <span class='ocrx_word' id='word_1_254' title='bbox 1228 1631 1364 1690; x_wconf 83' lang='lat' dir='ltr'>canticis</span> <span class='ocrx_word' id='word_1_255' title='bbox 1390 1635 1417 1684; x_wconf 86' lang='lat' dir='ltr'>cl.</span> 
     </span>
     <span class='ocr_line' id='line_1_48' title="bbox 810 1701 1415 1760; baseline -0.002 -3"><span class='ocrx_word' id='word_1_256' title='bbox 810 1701 940 1759; x_wconf 88' lang='lat' dir='ltr'>laudibus</span> <span class='ocrx_word' id='word_1_257' title='bbox 957 1717 1057 1758; x_wconf 73' lang='lat' dir='ltr'>omnes</span> <span class='ocrx_word' id='word_1_258' title='bbox 1072 1703 1161 1759; x_wconf 81' lang='lat' dir='ltr'>sancti</span> <span class='ocrx_word' id='word_1_259' title='bbox 1181 1706 1288 1760; x_wconf 84' lang='lat' dir='ltr'>l’alres</span> <span class='ocrx_word' id='word_1_260' title='bbox 1307 1709 1339 1759; x_wconf 86' lang='lat' dir='ltr'>et</span> <span class='ocrx_word' id='word_1_261' title='bbox 1356 1705 1415 1758; x_wconf 89' lang='lat' dir='ltr'>An-</span> 
     </span>
     <span class='ocr_line' id='line_1_49' title="bbox 809 1773 1413 1845; baseline -0.003 -16"><span class='ocrx_word' id='word_1_262' title='bbox 809 1776 864 1845; x_wconf 87' lang='lat' dir='ltr'>geli</span> <span class='ocrx_word' id='word_1_263' title='bbox 883 1789 977 1828; x_wconf 91' lang='lat' dir='ltr'>coram</span> <span class='ocrx_word' id='word_1_264' title='bbox 998 1773 1117 1830; x_wconf 89' lang='lat' dir='ltr'>Domino</span> <span class='ocrx_word' id='word_1_265' title='bbox 1140 1785 1330 1842; x_wconf 79' lang='lat' dir='ltr'>reverenter,</span> <span class='ocrx_word' id='word_1_266' title='bbox 1350 1773 1413 1829; x_wconf 80' lang='lat' dir='ltr'>als-</span> 
     </span>
     <span class='ocr_line' id='line_1_50' title="bbox 809 1843 1415 1929; baseline -0.003 -28"><span class='ocrx_word' id='word_1_267' title='bbox 809 1845 940 1907; x_wconf 68' lang='lat' dir='ltr'>critas-,et</span> <span class='ocrx_word' id='word_1_268' title='bbox 953 1845 1054 1900; x_wconf 73' lang='lat' dir='ltr'>devote</span> <span class='ocrx_word' id='word_1_269' title='bbox 1067 1861 1100 1902; x_wconf 92' lang='lat' dir='ltr'>ac</span> <span class='ocrx_word' id='word_1_270' title='bbox 1117 1853 1267 1918; x_wconf 85' lang='lat' dir='ltr'>tamquam</span> <span class='ocrx_word' id='word_1_271' title='bbox 1285 1843 1415 1929; x_wconf 68' lang='lat' dir='ltr'>gloriosi</span> 
     </span>
     <span class='ocr_line' id='line_1_51' title="bbox 807 1915 1413 1990; baseline -0.002 -17"><span class='ocrx_word' id='word_1_272' title='bbox 807 1916 932 1988; x_wconf 88' lang='lat' dir='ltr'>jubilant</span> <span class='ocrx_word' id='word_1_273' title='bbox 947 1915 1090 1973; x_wconf 86' lang='lat' dir='ltr'>continue.</span> <span class='ocrx_word' id='word_1_274' title='bbox 1105 1917 1243 1990; x_wconf 80' lang='lat' dir='ltr'>conspice</span> <span class='ocrx_word' id='word_1_275' title='bbox 1257 1919 1413 1990; x_wconf 80' lang='lat' dir='ltr'>lgnureos</span> 
     </span>
     <span class='ocr_line' id='line_1_52' title="bbox 810 1987 1413 2060; baseline -0.002 -16"><span class='ocrx_word' id='word_1_276' title='bbox 810 1993 949 2045; x_wconf 83' lang='lat' dir='ltr'>ellurum</span> <span class='ocrx_word' id='word_1_277' title='bbox 968 1987 1075 2055; x_wconf 75' lang='lat' dir='ltr'>latitia,</span> <span class='ocrx_word' id='word_1_278' title='bbox 1086 1993 1115 2045; x_wconf 89' lang='lat' dir='ltr'>el</span> <span class='ocrx_word' id='word_1_279' title='bbox 1127 1988 1166 2046; x_wconf 86' lang='lat' dir='ltr'>eis</span> <span class='ocrx_word' id='word_1_280' title='bbox 1180 1989 1413 2060; x_wconf 84' lang='lat' dir='ltr'>congratulare,</span> 
     </span>
     <span class='ocr_line' id='line_1_53' title="bbox 810 2058 1413 2127; baseline -0.002 -13"><span class='ocrx_word' id='word_1_281' title='bbox 810 2075 842 2114; x_wconf 86' lang='lat' dir='ltr'>sc</span> <span class='ocrx_word' id='word_1_282' title='bbox 858 2058 935 2114; x_wconf 91' lang='lat' dir='ltr'>disce</span> <span class='ocrx_word' id='word_1_283' title='bbox 962 2060 1051 2115; x_wconf 85' lang='lat' dir='ltr'>Deum</span> <span class='ocrx_word' id='word_1_284' title='bbox 1073 2060 1203 2117; x_wconf 86' lang='lat' dir='ltr'>venerari</span> <span class='ocrx_word' id='word_1_285' title='bbox 1224 2070 1255 2117; x_wconf 86' lang='lat' dir='ltr'>et</span> <span class='ocrx_word' id='word_1_286' title='bbox 1273 2060 1413 2127; x_wconf 83' lang='lat' dir='ltr'>laudare,</span> 
     </span>
     <span class='ocr_line' id='line_1_54' title="bbox 811 2128 1412 2201; baseline -0.005 -15"><span class='ocrx_word' id='word_1_287' title='bbox 811 2136 837 2186; x_wconf 88' lang='lat' dir='ltr'>et</span> <span class='ocrx_word' id='word_1_288' title='bbox 853 2129 905 2185; x_wconf 93' lang='lat' dir='ltr'>sibi</span> <span class='ocrx_word' id='word_1_289' title='bbox 918 2129 1025 2200; x_wconf 77' lang='lat' dir='ltr'>gratias</span> <span class='ocrx_word' id='word_1_290' title='bbox 1038 2145 1135 2201; x_wconf 76' lang='lat' dir='ltr'>agore,</span> <span class='ocrx_word' id='word_1_291' title='bbox 1148 2141 1176 2188; x_wconf 89' lang='lat' dir='ltr'>ct</span> <span class='ocrx_word' id='word_1_292' title='bbox 1187 2147 1240 2189; x_wconf 88' lang='lat' dir='ltr'>sua</span> <span class='ocrx_word' id='word_1_293' title='bbox 1257 2128 1412 2190; x_wconf 69' lang='lat' dir='ltr'>benrlicia</span> 
     </span>
     <span class='ocr_line' id='line_1_55' title="bbox 810 2202 1410 2272; baseline -0.002 -15"><span class='ocrx_word' id='word_1_294' title='bbox 810 2217 1071 2272; x_wconf 84' lang='lat' dir='ltr'>recognoscere3ac</span> <span class='ocrx_word' id='word_1_295' title='bbox 1082 2207 1142 2258; x_wconf 89' lang='lat' dir='ltr'>toto</span> <span class='ocrx_word' id='word_1_296' title='bbox 1155 2209 1261 2260; x_wconf 74' lang='lat' dir='ltr'>collatu</span> <span class='ocrx_word' id='word_1_297' title='bbox 1279 2203 1320 2260; x_wconf 90' lang='lat' dir='ltr'>ad</span> <span class='ocrx_word' id='word_1_298' title='bbox 1329 2202 1410 2258; x_wconf 93' lang='lat' dir='ltr'>illam</span> 
     </span>
    </p>

    <p class='ocr_par' dir='ltr' id='par_1_7' title="bbox 810 2271 1409 2344">
     <span class='ocr_line' id='line_1_56' title="bbox 810 2271 1409 2344; baseline 0.002 -17"><span class='ocrx_word' id='word_1_299' title='bbox 810 2271 928 2343; x_wconf 81' lang='lat' dir='ltr'>gloriam</span> <span class='ocrx_word' id='word_1_300' title='bbox 945 2273 1061 2330; x_wconf 71' lang='lat' dir='ltr'>tendere</span> <span class='ocrx_word' id='word_1_301' title='bbox 1075 2289 1131 2330; x_wconf 92' lang='lat' dir='ltr'>non</span> <span class='ocrx_word' id='word_1_302' title='bbox 1147 2291 1253 2344; x_wconf 86' lang='lat' dir='ltr'>cesses,</span> <span class='ocrx_word' id='word_1_303' title='bbox 1267 2273 1321 2330; x_wconf 91' lang='lat' dir='ltr'>ubi</span> <span class='ocrx_word' id='word_1_304' title='bbox 1336 2287 1409 2329; x_wconf 86' lang='lat' dir='ltr'>sem·</span> 
     </span>
    </p>

    <p class='ocr_par' dir='ltr' id='par_1_8' title="bbox 810 2343 1406 2416">
     <span class='ocr_line' id='line_1_57' title="bbox 810 2343 1406 2416; baseline -0.003 -16"><span class='ocrx_word' id='word_1_305' title='bbox 810 2359 861 2416; x_wconf 89' lang='lat' dir='ltr'>per</span> <span class='ocrx_word' id='word_1_306' title='bbox 880 2343 910 2398; x_wconf 92' lang='lat' dir='ltr'>in</span> <span class='ocrx_word' id='word_1_307' title='bbox 931 2349 1084 2416; x_wconf 80' lang='lat' dir='ltr'>conspectu</span> <span class='ocrx_word' id='word_1_308' title='bbox 1107 2344 1320 2414; x_wconf 74' lang='lat' dir='ltr'>[inimicum</span> <span class='ocrx_word' id='word_1_309' title='bbox 1346 2349 1406 2400; x_wconf 87' lang='lat' dir='ltr'>tam</span> 
     </span>
    </p>

    <p class='ocr_par' dir='ltr' id='par_1_9' title="bbox 811 2413 1407 2488">
     <span class='ocr_line' id='line_1_58' title="bbox 811 2413 1407 2488; baseline 0 -18"><span class='ocrx_word' id='word_1_310' title='bbox 811 2413 1088 2472; x_wconf 87' lang='lat' dir='ltr'>nobilimullitudine</span> <span class='ocrx_word' id='word_1_311' title='bbox 1102 2419 1281 2488; x_wconf 78' lang='lat' dir='ltr'>Angelorum</span> <span class='ocrx_word' id='word_1_312' title='bbox 1295 2425 1327 2474; x_wconf 90' lang='lat' dir='ltr'>et</span> <span class='ocrx_word' id='word_1_313' title='bbox 1340 2415 1407 2472; x_wconf 87' lang='lat' dir='ltr'>ele-</span> 
     </span>
    </p>

    <p class='ocr_par' dir='ltr' id='par_1_10' title="bbox 810 2485 1367 2562">
     <span class='ocr_line' id='line_1_59' title="bbox 810 2485 1367 2562; baseline -0.004 -18"><span class='ocrx_word' id='word_1_314' title='bbox 810 2491 930 2556; x_wconf 74' lang='lat' dir='ltr'>ctorum,</span> <span class='ocrx_word' id='word_1_315' title='bbox 941 2485 971 2542; x_wconf 91' lang='lat' dir='ltr'>in</span> <span class='ocrx_word' id='word_1_316' title='bbox 983 2486 1113 2544; x_wconf 87' lang='lat' dir='ltr'>laudibus</span> <span class='ocrx_word' id='word_1_317' title='bbox 1123 2491 1173 2546; x_wconf 89' lang='lat' dir='ltr'>[lei</span> <span class='ocrx_word' id='word_1_318' title='bbox 1184 2503 1367 2562; x_wconf 84' lang='lat' dir='ltr'>perseveres.</span> 
     </span>
    </p>
   </div>
   <div class='ocr_carea' id='block_1_6' title="bbox 710 2672 839 2730">
    <p class='ocr_par' dir='ltr' id='par_1_11' title="bbox 710 2672 839 2730">
     <span class='ocr_line' id='line_1_60' title="bbox 710 2672 839 2730; baseline 0 0"><span class='ocrx_word' id='word_1_319' title='bbox 710 2672 839 2730; x_wconf 79' lang='lat' dir='ltr'><strong>ORATIO</strong></span> 
     </span>
    </p>
   </div>
   <div class='ocr_carea' id='block_1_7' title="bbox 166 2851 1400 3356">
    <p class='ocr_par' dir='ltr' id='par_1_12' title="bbox 166 2851 1400 3356">
     <span class='ocr_line' id='line_1_61' title="bbox 204 2851 1400 2926; baseline -0.005 -13"><span class='ocrx_word' id='word_1_320' title='bbox 204 2855 225 2913; x_wconf 90' lang='grc' dir='ltr'>Ο</span> <span class='ocrx_word' id='word_1_321' title='bbox 241 2855 314 2911; x_wconf 88' lang='lat' dir='ltr'>alme</span> <span class='ocrx_word' id='word_1_322' title='bbox 346 2853 396 2910; x_wconf 85' lang='lat' dir='ltr'>Fili</span> <span class='ocrx_word' id='word_1_323' title='bbox 410 2852 459 2910; x_wconf 82' lang='lat' dir='ltr'>Dei</span> <span class='ocrx_word' id='word_1_324' title='bbox 480 2851 583 2924; x_wconf 89' lang='lat' dir='ltr'>Patris,</span> <span class='ocrx_word' id='word_1_325' title='bbox 599 2851 658 2926; x_wconf 83' lang='lat' dir='ltr'>qui,</span> <span class='ocrx_word' id='word_1_326' title='bbox 672 2852 780 2911; x_wconf 90' lang='lat' dir='ltr'>loribus</span> <span class='ocrx_word' id='word_1_327' title='bbox 795 2852 911 2920; x_wconf 89' lang='lat' dir='ltr'>clausis,</span> <span class='ocrx_word' id='word_1_328' title='bbox 925 2852 1083 2922; x_wconf 87' lang='lat' dir='ltr'>apparuisti</span> <span class='ocrx_word' id='word_1_329' title='bbox 1097 2851 1244 2926; x_wconf 91' lang='lat' dir='ltr'>discipulis</span> <span class='ocrx_word' id='word_1_330' title='bbox 1258 2854 1290 2912; x_wconf 93' lang='lat' dir='ltr'>in</span> <span class='ocrx_word' id='word_1_331' title='bbox 1310 2866 1400 2912; x_wconf 90' lang='lat' dir='ltr'>unum</span> 
     </span>
     <span class='ocr_line' id='line_1_62' title="bbox 168 2924 1400 3000; baseline -0.006 -14"><span class='ocrx_word' id='word_1_332' title='bbox 168 2925 357 3000; x_wconf 77' lang='lat' dir='ltr'>congregatis,</span> <span class='ocrx_word' id='word_1_333' title='bbox 374 2927 501 2994; x_wconf 83' lang='lat' dir='ltr'>obstrue,</span> <span class='ocrx_word' id='word_1_334' title='bbox 518 2941 624 2998; x_wconf 71' lang='lat' dir='ltr'>queso,</span> <span class='ocrx_word' id='word_1_335' title='bbox 641 2925 765 2982; x_wconf 85' lang='lat' dir='ltr'>claustra</span> <span class='ocrx_word' id='word_1_336' title='bbox 778 2939 914 2982; x_wconf 90' lang='lat' dir='ltr'>sensuum</span> <span class='ocrx_word' id='word_1_337' title='bbox 932 2939 1061 2981; x_wconf 90' lang='lat' dir='ltr'>meorum</span> <span class='ocrx_word' id='word_1_338' title='bbox 1077 2924 1246 2982; x_wconf 82' lang='lat' dir='ltr'>interiorum</span> <span class='ocrx_word' id='word_1_339' title='bbox 1273 2933 1303 2982; x_wconf 88' lang='lat' dir='ltr'>et</span> <span class='ocrx_word' id='word_1_340' title='bbox 1319 2933 1400 2982; x_wconf 86' lang='lat' dir='ltr'>erte·</span> 
     </span>
     <span class='ocr_line' id='line_1_63' title="bbox 166 2994 1399 3069; baseline -0.007 -11"><span class='ocrx_word' id='word_1_341' title='bbox 166 3002 285 3060; x_wconf 85' lang='lat' dir='ltr'>riorum.</span> <span class='ocrx_word' id='word_1_342' title='bbox 305 3003 404 3055; x_wconf 90' lang='lat' dir='ltr'>contra</span> <span class='ocrx_word' id='word_1_343' title='bbox 420 2998 545 3069; x_wconf 80' lang='lat' dir='ltr'>pericula</span> <span class='ocrx_word' id='word_1_344' title='bbox 569 2996 759 3054; x_wconf 86' lang='lat' dir='ltr'>tentationum</span> <span class='ocrx_word' id='word_1_345' title='bbox 774 3003 871 3054; x_wconf 89' lang='lat' dir='ltr'>sancto</span> <span class='ocrx_word' id='word_1_346' title='bbox 894 2995 996 3052; x_wconf 87' lang='lat' dir='ltr'>timore</span> <span class='ocrx_word' id='word_1_347' title='bbox 1014 2996 1182 3052; x_wconf 82' lang='lat' dir='ltr'>reverentiae</span> <span class='ocrx_word' id='word_1_348' title='bbox 1197 3003 1275 3066; x_wconf 83' lang='lat' dir='ltr'>tuae;</span> <span class='ocrx_word' id='word_1_349' title='bbox 1294 2994 1399 3054; x_wconf 90' lang='lat' dir='ltr'>morti-</span> 
     </span>
     <span class='ocr_line' id='line_1_64' title="bbox 166 3065 1399 3136; baseline -0.006 -8"><span class='ocrx_word' id='word_1_350' title='bbox 166 3069 266 3128; x_wconf 83' lang='lat' dir='ltr'>donin</span> <span class='ocrx_word' id='word_1_351' title='bbox 281 3072 321 3124; x_wconf 84' lang='lat' dir='ltr'>eis</span> <span class='ocrx_word' id='word_1_352' title='bbox 345 3069 441 3126; x_wconf 88' lang='lat' dir='ltr'>omnia</span> <span class='ocrx_word' id='word_1_353' title='bbox 458 3070 533 3126; x_wconf 88' lang='lat' dir='ltr'>mala</span> <span class='ocrx_word' id='word_1_354' title='bbox 555 3084 620 3125; x_wconf 93' lang='lat' dir='ltr'>cum</span> <span class='ocrx_word' id='word_1_355' title='bbox 637 3067 747 3125; x_wconf 84' lang='lat' dir='ltr'>viuculo</span> <span class='ocrx_word' id='word_1_356' title='bbox 763 3075 819 3125; x_wconf 79' lang='lat' dir='ltr'>luae</span> <span class='ocrx_word' id='word_1_357' title='bbox 843 3065 970 3124; x_wconf 88' lang='lat' dir='ltr'>caritatis</span> <span class='ocrx_word' id='word_1_358' title='bbox 994 3067 1134 3136; x_wconf 78' lang='lat' dir='ltr'>delicatae,</span> <span class='ocrx_word' id='word_1_359' title='bbox 1155 3075 1184 3124; x_wconf 85' lang='lat' dir='ltr'>et</span> <span class='ocrx_word' id='word_1_360' title='bbox 1200 3067 1334 3126; x_wconf 87' lang='lat' dir='ltr'>illumina</span> <span class='ocrx_word' id='word_1_361' title='bbox 1349 3079 1399 3122; x_wconf 88' lang='lat' dir='ltr'>eos</span> 
     </span>
     <span class='ocr_line' id='line_1_65' title="bbox 167 3138 1397 3212; baseline -0.006 -12"><span class='ocrx_word' id='word_1_362' title='bbox 167 3159 231 3200; x_wconf 88' lang='lat' dir='ltr'>cum</span> <span class='ocrx_word' id='word_1_363' title='bbox 245 3139 351 3198; x_wconf 88' lang='lat' dir='ltr'>lumine</span> <span class='ocrx_word' id='word_1_364' title='bbox 364 3140 510 3212; x_wconf 86' lang='lat' dir='ltr'>religionis</span> <span class='ocrx_word' id='word_1_365' title='bbox 525 3139 638 3210; x_wconf 79' lang='lat' dir='ltr'>divinae,</span> <span class='ocrx_word' id='word_1_366' title='bbox 654 3150 684 3195; x_wconf 91' lang='lat' dir='ltr'>ut</span> <span class='ocrx_word' id='word_1_367' title='bbox 697 3156 808 3197; x_wconf 89' lang='lat' dir='ltr'>merear</span> <span class='ocrx_word' id='word_1_368' title='bbox 822 3145 872 3195; x_wconf 93' lang='lat' dir='ltr'>lua</span> <span class='ocrx_word' id='word_1_369' title='bbox 896 3138 962 3195; x_wconf 84' lang='lat' dir='ltr'>laeta</span> <span class='ocrx_word' id='word_1_370' title='bbox 978 3138 1086 3195; x_wconf 80' lang='lat' dir='ltr'>risione</span> <span class='ocrx_word' id='word_1_371' title='bbox 1103 3139 1262 3210; x_wconf 81' lang='lat' dir='ltr'>consolari3</span> <span class='ocrx_word' id='word_1_372' title='bbox 1280 3153 1397 3211; x_wconf 87' lang='lat' dir='ltr'>pacem-</span> 
     </span>
     <span class='ocr_line' id='line_1_66' title="bbox 169 3210 1397 3286; baseline -0.006 -15"><span class='ocrx_word' id='word_1_373' title='bbox 169 3230 223 3286; x_wconf 87' lang='lat' dir='ltr'>quc</span> <span class='ocrx_word' id='word_1_374' title='bbox 237 3211 360 3285; x_wconf 88' lang='lat' dir='ltr'>pectoris</span> <span class='ocrx_word' id='word_1_375' title='bbox 375 3211 564 3285; x_wconf 77' lang='lat' dir='ltr'>inpraesenti,</span> <span class='ocrx_word' id='word_1_376' title='bbox 580 3217 608 3268; x_wconf 91' lang='lat' dir='ltr'>et</span> <span class='ocrx_word' id='word_1_377' title='bbox 627 3211 796 3268; x_wconf 79' lang='lat' dir='ltr'>aternitatis</span> <span class='ocrx_word' id='word_1_378' title='bbox 814 3210 844 3267; x_wconf 91' lang='lat' dir='ltr'>in</span> <span class='ocrx_word' id='word_1_379' title='bbox 860 3211 966 3279; x_wconf 79' lang='lat' dir='ltr'>tuturo,</span> <span class='ocrx_word' id='word_1_380' title='bbox 989 3215 1017 3266; x_wconf 88' lang='lat' dir='ltr'>te</span> <span class='ocrx_word' id='word_1_381' title='bbox 1031 3210 1168 3281; x_wconf 83' lang='lat' dir='ltr'>donante,</span> <span class='ocrx_word' id='word_1_382' title='bbox 1186 3211 1299 3268; x_wconf 83' lang='lat' dir='ltr'>valeam</span> <span class='ocrx_word' id='word_1_383' title='bbox 1315 3210 1397 3267; x_wconf 89' lang='lat' dir='ltr'>inve·</span> 
     </span>
     <span class='ocr_line' id='line_1_67' title="bbox 170 3280 1396 3356; baseline -0.006 -14"><span class='ocrx_word' id='word_1_384' title='bbox 170 3285 242 3354; x_wconf 80' lang='lat' dir='ltr'>nire,</span> <span class='ocrx_word' id='word_1_385' title='bbox 260 3283 307 3341; x_wconf 92' lang='lat' dir='ltr'>ubi</span> <span class='ocrx_word' id='word_1_386' title='bbox 322 3301 385 3341; x_wconf 93' lang='lat' dir='ltr'>cum</span> <span class='ocrx_word' id='word_1_387' title='bbox 400 3285 516 3356; x_wconf 80' lang='lat' dir='ltr'>Angelis</span> <span class='ocrx_word' id='word_1_388' title='bbox 532 3299 564 3340; x_wconf 86' lang='lat' dir='ltr'>ac</span> <span class='ocrx_word' id='word_1_389' title='bbox 580 3283 713 3340; x_wconf 92' lang='lat' dir='ltr'>omnibus</span> <span class='ocrx_word' id='word_1_390' title='bbox 726 3281 838 3340; x_wconf 85' lang='lat' dir='ltr'>Sanctis</span> <span class='ocrx_word' id='word_1_391' title='bbox 855 3287 883 3338; x_wconf 86' lang='lat' dir='ltr'>et</span> <span class='ocrx_word' id='word_1_392' title='bbox 903 3281 1000 3338; x_wconf 90' lang='lat' dir='ltr'>electis</span> <span class='ocrx_word' id='word_1_393' title='bbox 1015 3280 1082 3352; x_wconf 86' lang='lat' dir='ltr'>tuis,</span> <span class='ocrx_word' id='word_1_394' title='bbox 1104 3287 1132 3338; x_wconf 88' lang='lat' dir='ltr'>te</span> <span class='ocrx_word' id='word_1_395' title='bbox 1145 3281 1263 3340; x_wconf 85' lang='lat' dir='ltr'>laudare</span> <span class='ocrx_word' id='word_1_396' title='bbox 1281 3293 1396 3339; x_wconf 80' lang='lat' dir='ltr'>merear</span> 
     </span>
    </p>
   </div>
   <div class='ocr_carea' id='block_1_8' title="bbox 172 3355 430 3414">
    <p class='ocr_par' dir='ltr' id='par_1_13' title="bbox 172 3355 430 3414">
     <span class='ocr_line' id='line_1_68' title="bbox 172 3355 430 3414; baseline -0.016 0"><span class='ocrx_word' id='word_1_397' title='bbox 172 3357 235 3414; x_wconf 88' lang='lat' dir='ltr'>sine</span> <span class='ocrx_word' id='word_1_398' title='bbox 248 3355 316 3412; x_wconf 88' lang='lat' dir='ltr'>llno.</span> <span class='ocrx_word' id='word_1_399' title='bbox 331 3357 430 3412; x_wconf 91' lang='lat' dir='ltr'>Amen.</span> 
     </span>
    </p>
   </div>
   <div class='ocr_carea' id='block_1_9' title="bbox 0 0 1584 5038">
    <p class='ocr_par' dir='ltr' id='par_1_14' title="bbox 0 0 1584 5038">
     <span class='ocr_line' id='line_1_69' title="bbox 0 0 1584 5038; baseline 0 0"><span class='ocrx_word' id='word_1_400' title='bbox 0 0 1584 5038; x_wconf 95' lang='lat' dir='ltr'> </span> 
     </span>
    </p>
   </div>
  </div>
 </body>
</html>
