3124 5038
206 409 252 459 itt
517 405 672 458 slutthlt
701 403 818 458 PhthS
847 401 952 456 CAPUT
983 403 1125 458 lxxiiii

205 530 257 572 nis
273 512 464 580 dilectionem,
479 516 610 584 utquam
630 511 791 569 misericor·

206 585 279 642 ditcr
297 585 384 642 simus
398 584 498 653 adjuti,
512 583 632 640 ostensis
646 599 705 640 suc
719 600 792 640 mor·

206 657 241 714 tis
257 656 364 714 inlini·
384 655 517 724 insinuet,
534 671 642 728 nosque
661 655 696 712 ad
714 655 791 711 dile-

206 729 328 786 ctionem
349 727 559 800 rependendam
580 726 669 783 inacis
689 743 790 797 proro-

206 805 269 864 cct;
284 799 357 856 undc
374 798 402 855 in
417 798 583 870 hpiicalyiisi
602 817 608 854 :
624 799 677 866 Oui
690 800 792 854 ditescit

204 887 263 935 nos,
279 877 305 926 ct
318 873 388 926 iuuit
402 885 450 926 nos
465 887 483 925 u
498 873 744 940 peccatisnostris,
761 872 791 925 in

204 945 339 1011 sunguine
352 957 411 998 suo.
439 973 443 980 ·
470 941 623 1010 Tertio,ad
638 941 791 1000 ostendeu-

203 1015 269 1070 dam
281 1018 407 1070 nostram
416 1011 791 1086 redemptionen,quuiiiam

205 1083 254 1141 iila
277 1083 394 1142 vulnera
414 1083 526 1142 luerunt
548 1089 652 1141 nostrie
676 1084 793 1142 redum-

204 1155 310 1228 ptionis
325 1154 454 1226 siguum;
472 1155 546 1213 unde
560 1155 599 1213 ait
613 1154 698 1212 isaias
712 1173 719 1212 :
735 1159 794 1228 lpse

102 1251 104 1254 ·
207 1229 367 1284 uulneratus
386 1233 426 1283 est
440 1233 552 1309 propter
567 1230 730 1298 iniquitates
749 1245 795 1283 uo·

205 1305 294 1356 sirus:
311 1299 432 1368 ideoque
454 1297 662 1355 misericordias
684 1299 794 1356 Domini

207 1378 323 1428 cantare
335 1386 392 1426 non
405 1377 527 1439 cessent,
539 1370 588 1426 sed
602 1387 674 1426 nnnc
689 1374 738 1442 qut
751 1387 793 1426 re·

206 1443 286 1513 dnnp
299 1445 381 1498 isuut
390 1458 408 1496 n
417 1445 529 1497 Domino
542 1443 637 1497 dicunt
646 1460 652 1497 :
661 1443 795 1509 Quoniam

208 1514 301 1576 bonus,
316 1516 447 1585 quoniui'n
460 1517 490 1569 in
504 1514 624 1569 seculum
642 1516 793 1570 miscricor-

206 1586 255 1642 diu
271 1585 341 1654 ejus.
357 1587 522 1654 -Quarto,
540 1595 655 1656 propter
671 1590 794 1641 nostram

207 1656 424 1714 certificationem
438 1666 466 1712 et
479 1656 706 1724 instructionem,
719 1659 741 1711 si
759 1673 795 1714 e-

207 1728 266 1785 nim
281 1728 310 1784 iu
323 1744 441 1797 corpore
452 1726 556 1784 Christi
571 1727 695 1798 glorioso
709 1727 794 1784 etiam

207 1799 361 1856 manebant
370 1797 452 1869 signa
461 1815 518 1854 suae
531 1797 683 1866 Passionis,
692 1805 720 1854 et
732 1815 794 1869 nos,

207 1871 289 1943 quasi
313 1868 522 1942 compatiendo,
551 1869 650 1926 cadem
677 1869 796 1928 vulnera

208 1940 343 1999 continue
354 1940 384 1998 iu
397 1945 492 1998 mente
508 1946 632 2013 portare,
647 1945 676 1998 et
689 1957 741 2014 pru
754 1941 795 1999 cis

207 2012 312 2086 gratias
326 2029 412 2084 agere
431 2013 614 2082 deberemus;
631 2015 707 2070 unde
721 2015 795 2084 Apo-

207 2085 297 2142 stolus
313 2101 321 2140 ι
335 2088 391 2142 lluc
412 2087 511 2142 sentite
527 2088 557 2140 tn
573 2086 660 2153 uobis,
676 2085 750 2156 quod
770 2091 795 2162 ct

208 2160 238 2213 i’n
260 2158 367 2215 Christo
389 2160 464 2214 Jesu.
488 2189 516 2200 α
543 2158 658 2226 Quinto,
679 2163 796 2229 propter

208 2227 299 2286 nostri
321 2227 558 2298 recordationem,
579 2234 607 2286 et
628 2227 795 2285 memoriam

209 2300 284 2370 apud
301 2316 331 2357 se
346 2317 458 2373 semper
473 2300 661 2358 retinendam.
678 2303 796 2372 Nequa-

208 2387 294 2444 quam
319 2371 396 2428 enim
421 2374 509 2428 nostri
532 2371 717 2432 obliviscitur.
744 2387 795 2442 pro

208 2441 310 2514 quibus
328 2443 367 2498 sic
380 2442 533 2499 crudeliter
549 2443 679 2516 plagatus
694 2441 794 2513 digno-

208 2512 309 2581 scitur3
327 2513 401 2570 uude
430 2512 460 2569 iii
480 2513 552 2569 isaia
575 2517 659 2582 :Eoo
683 2517 725 2568 tui
742 2530 795 2569 uon

207 2585 364 2653 obliviscor,
380 2600 437 2640 ecce
458 2587 489 2638 in
512 2585 640 2640 monibus
658 2587 725 2639 meis
742 2585 795 2639 de-

207 2658 308 2726 scripsi
322 2661 356 2710 te.
408 2658 501 2722 Sexto,
514 2664 630 2726 propter
641 2655 690 2711 uei
702 2655 795 2712 Patris

208 2724 479 2794 reconciliationem,
489 2732 519 2782 ut
529 2729 602 2782 Deus
618 2727 702 2783 Pater
717 2726 795 2796 igno·

207 2805 268 2854 scat
287 2799 411 2855 humano
436 2801 543 2868 ceneri,
561 2813 612 2869 pro
633 2814 688 2870 quii
710 2797 795 2856 Filius

207 2868 248 2926 sic
268 2869 355 2926 voluit
377 2871 503 2940 plagari;
524 2869 600 2926 unde
618 2872 793 2941 Apostolus:

208 2942 380 2998 Advocatum
396 2943 524 2997 habemus
539 2943 615 3016 opud
629 2945 737 2999 Putrem
753 2945 794 2998 Je-

207 3029 267 3068 sum
282 3015 420 3071 Christum
432 3015 550 3082 iustum,
564 3019 590 3069 et
602 3018 661 3086 ipsc
675 3021 715 3071 cst
729 3031 793 3086 pro·

204 3087 319 3157 pittatio
328 3101 379 3167 pro
387 3089 507 3156 percotis
515 3089 626 3142 uostris.
635 3087 704 3142 Nam
717 3084 793 3142 Patri

207 3172 258 3229 pro
274 3157 355 3214 nubis
374 3157 522 3230 supplicat,
536 3157 728 3214 obedientiam
743 3173 794 3214 re-

206 3233 400 3300 praesentans,
420 3235 448 3284 et
467 3229 550 3301 quale
573 3245 666 3356 genua
693 3231 794 3285 mortis

206 3299 354 3371 pertulerit
364 3315 476 3370 semper
490 3305 570 3357 osten
592 3317 653 3368 eus,
663 3300 738 3372 quod
751 3305 795 3358 est

208 3370 323 3442 quidem
338 3371 437 3427 niodus
451 3369 658 3428 interveniendi
673 3387 725 3443 pro
743 3389 794 3429 no·

209 3441 263 3498 bis.
280 3443 360 3499 Unde
375 3449 414 3497 ait
430 3443 586 3498 henrardus
601 3462 610 3498 c
625 3463 638 3496 ii
656 3445 794 3500 Securum

206 3529 352 3571 accessum
370 3514 502 3582 habes,o
526 3515 622 3582 homo,
639 3514 675 3570 ad
694 3515 792 3584 Deum,

205 3583 253 3642 ubi
274 3585 362 3642 habes
382 3584 483 3641 Filium
503 3591 569 3642 ante
593 3589 715 3648 l'atrem,
734 3588 791 3643 hla-

205 3660 278 3712 tram
294 3665 359 3712 aute
374 3655 484 3713 Fidum.
502 3655 588 3712 Filius
605 3656 728 3714 ostendit
744 3659 794 3714 Pa-

208 3729 244 3782 tri
268 3727 342 3784 latus
361 3733 390 3784 et
408 3728 543 3798 vulnera;
561 3731 649 3785 Mater
670 3728 795 3786 ostendit

207 3797 275 3880 lilio
290 3807 388 3870 pectus
403 3805 428 3855 et
444 3801 542 3869 ubera,
557 3817 609 3858 nec
622 3800 678 3857 ulla
690 3801 793 3872 poterit

207 3869 245 3925 ibi
262 3883 324 3925 csse
343 3870 467 3941 repulsa,
483 3873 530 3928 ubi
548 3878 591 3929 tot
605 3871 731 3928 caritatis
747 3889 793 3928 oc-

206 3945 323 3998 currunt
347 3940 480 4012 insignia.
501 3963 516 3993 n
541 3974 575 3985 -
601 3943 736 4012 Septimo,
757 3945 793 4014 aii

196 4009 358 4094 -iinpiorum
367 4013 572 4081 contusionem,
580 4015 741 4080 atestensis
753 4014 795 4072 eis

206 4081 354 4155 injudicio
365 4083 794 4158 vulneribus,denuiitictquam

202 4156 280 4228 juste
294 4153 426 4212 damnari
441 4155 575 4212 debeant.
591 4158 681 4228 Unde,
694 4175 793 4215 sei-uii-

206 4228 273 4285 dum
292 4229 489 4298 Augustinum,
505 4227 675 4284 convincens
694 4245 743 4286 eos
758 4229 793 4286 da

204 4305 322 4373 peccato
331 4315 389 4357 suae
398 4298 508 4367 mortis,
522 4298 611 4357 dicet:
623 4301 691 4356 Ecce
705 4300 793 4357 bomi-

209 4387 386 4446 remquam
406 4369 599 4448 crucifixistis3
621 4370 718 4428 videti·
733 4371 792 4428 rul-

848 526 928 576 nera,
937 527 1001 582 quae
1013 508 1155 566 inflixistis
1167 528 1174 578 ;
1186 513 1341 583 agnoscitis
1350 513 1428 582 latiis,

848 583 921 653 quod
936 597 993 653 pup
1006 581 1107 652 igistis,
1122 586 1258 653 quoniam
1274 601 1326 656 per
1343 603 1390 642 vos
1405 595 1431 641 ct

848 659 962 724 propter
978 669 1027 710 vos
1046 660 1176 725 apertum
1195 662 1249 724 est,
1265 673 1317 713 nec
1332 657 1430 713 intrare

847 724 984 782 voluistis.
1002 756 1036 767 -
1045 727 1159 784 Octavo.
1172 727 1207 782 ad
1221 727 1378 784 electorum
1391 745 1431 785 ei·

848 797 1040 858 saltationem.
1052 797 1119 854 duni
1135 797 1163 853 iii
1179 801 1235 855 Deo
1249 815 1304 856 suo
1316 799 1434 872 insignia

847 867 953 924 amoris
964 867 1108 940 praecipui,
1120 885 1205 940 quem
1218 870 1254 926 ad
1265 887 1316 928 eos
1326 871 1431 941 habuit,

848 938 993 996 ridebunt.
1021 941 1104 1007 Nam,
1132 941 1292 998 secundum
1320 943 1433 1008 aedom,

849 1025 982 1082 magnum
995 1011 1130 1082 gaudium
1144 1012 1198 1068 erit
1207 1013 1331 1078 Sanctis,
1344 1013 1433 1070 ridere

850 1083 966 1139 vulnera
981 1085 1009 1138 iu
1026 1098 1112 1139 carnc
1130 1084 1234 1140 Christi
1251 1084 1372 1152 fulgida,
1388 1100 1435 1156 pei

849 1169 914 1225 quae
931 1153 1018 1210 victor
1036 1153 1221 1226 triumpharit
1235 1156 1272 1212 de
1293 1165 1395 1222 morte,
1410 1162 1435 1210 et

849 1224 1435 1299 salvivitelectos.VeniensergoDuminus

850 1297 884 1354 ad
893 1295 1436 1368 judicium,ineidemlurmaomnibus

849 1369 1007 1440 apparebit,
1024 1367 1131 1426 scilicct
1147 1369 1231 1442 justis
1251 1375 1281 1428 ct
1301 1369 1436 1439 injustis:

849 1446 880 1522 ut
891 1443 958 1510 justi
973 1439 1101 1522 sidentes
1115 1448 1220 1523 quanta
1233 1451 1262 1497 et
1277 1442 1375 1513 qualia
1389 1457 1438 1567 pro

850 1528 891 1568 eis
912 1517 1057 1572 sustinuit.
1076 1529 1103 1567 in
1120 1529 1180 1584 eius
1198 1529 1300 1570 amore
1320 1529 1387 1584 amp
1399 1528 1439 1568 iiis

850 1583 1045 1652 exardescant,
1057 1589 1085 1640 et
1097 1583 1126 1640 io
1138 1585 1220 1641 laude
1235 1601 1270 1641 ac
1281 1585 1439 1656 gratiarum

850 1654 960 1712 actione
979 1655 1141 1726 proticiaiit;
1163 1655 1260 1727 injusti
1280 1673 1350 1712 veru
1366 1657 1439 1712 dete·

850 1725 908 1782 rius
921 1729 1084 1798 puniantur,
1100 1728 1324 1794 contundantur,
1340 1735 1368 1784 et
1382 1743 1440 1798 per

850 1804 925 1866 eant,
952 1803 1058 1869 quanto
1081 1797 1171 1870 magis
1186 1799 1274 1856 tantis
1294 1797 1439 1856 benatlciis

849 1867 952 1939 ingrati
969 1869 1146 1939 exstiterunt,
1161 1876 1190 1927 et
1209 1871 1337 1943 largiora
1354 1873 1439 1927 bene·

851 1939 915 1997 siria
929 1942 977 1998 Dei
991 1939 1135 2013 indignius
1150 1947 1393 2014 contempserunt.
1409 1972 1439 1982 -·

850 2013 942 2083 Nono,
956 2017 986 2068 ut
998 2011 1183 2086 triumphum,
1198 2030 1249 2072 seu
1265 2015 1382 2072 titulum
1395 2011 1440 2068 tri·

850 2083 1023 2166 umphalem,
1043 2089 1072 2141 et
1094 2085 1208 2156 signum
1231 2085 1361 2143 victoriae
1383 2099 1439 2141 suae
1528 2099 1529 2110 ¹

851 2171 927 2211 oiiiiii
946 2155 1025 2211 carui
1049 2157 1192 2226 ostendat,
1218 2156 1246 2213 in
1271 2161 1437 2230 perpetuum
1528 2193 1529 2204 .

851 2225 1042 2293 circumierat,
1059 2243 1122 2310 qiiae
1137 2245 1202 2286 euin
1221 2227 1363 2287 victorem
1378 2227 1436 2284 dia·

851 2297 907 2354 boli
929 2313 978 2367 per
992 2298 1105 2356 inilnila
1121 2302 1215 2357 secula
1230 2299 1436 2359 demonstrent.

851 2368 939 2437 ilites,
956 2369 1034 2428 verbi
1050 2371 1151 2438 gratia,
1166 2388 1217 2444 pro
1237 2375 1328 2430 totius
1348 2369 1436 2443 gentis

850 2441 942 2498 salute
959 2441 1068 2498 loriiter
1083 2442 1150 2514 egit,
1165 2449 1194 2500 et
1207 2443 1305 2500 multis
1320 2441 1438 2501 vulneri-

851 2513 901 2569 bus
916 2513 1060 2583 perlossus
1077 2520 1128 2582 et,
1150 2515 1259 2571 hostem
1280 2513 1436 2573 tamenin

851 2583 970 2666 teriecit,
996 2585 1112 2656 ejusque
1139 2587 1230 2656 spolia
1257 2585 1389 2659 diripuit,
1412 2591 1437 2640 et

850 2657 996 2712 victoriam
1011 2673 1067 2712 suas
1078 2657 1154 2728 genti
1171 2659 1346 2730 reportai'it3
1363 2657 1385 2714 si
1401 2655 1437 2712 di-

850 2733 894 2782 cat
909 2725 947 2781 illi
965 2727 1105 2784 medicus:
1117 2728 1162 2784 Vis
1175 2729 1273 2786 sanari
1288 2729 1350 2788 siue
1364 2725 1436 2784 omui

850 2797 991 2866 cicatrice,
1017 2800 1059 2854 vel
1084 2815 1147 2856 cuni
1175 2801 1358 2858 cicatricibus
1381 2801 1437 2856 sine

850 2869 926 2926 omni
943 2869 1146 2927 deformitate?
1161 2875 1232 2929 Puto
1258 2873 1337 2945 quod
1357 2872 1385 2928 in
1403 2869 1437 2925 si-

850 2957 937 3012 gnum
956 2957 1015 2997 suae
1038 2941 1173 3010 victoriae,
1190 2949 1217 3000 et
1238 2961 1290 3017 pro
1309 2941 1436 3014 exemplu

850 3011 996 3068 animandi
1020 3012 1092 3070 aiios
1112 3014 1149 3070 ad
1168 3014 1254 3084 idem,
1280 3017 1437 3074 reservaret

850 3083 903 3140 sibi
928 3083 1084 3142 cicatrices.
1107 3085 1164 3143 lllae
1188 3086 1264 3144 enini
1291 3085 1437 3145 cicatrices

850 3153 954 3211 suntin
966 3154 1088 3226 Christo,
1103 3173 1161 3214 non
1175 3155 1205 3213 iii
1216 3159 1435 3220 deformitatem,

849 3227 898 3308 sed
911 3227 938 3282 iii
951 3243 1081 3298 magnam
1094 3228 1345 3300 pulchritudinem.
1362 3227 1436 3286 Unde

849 3297 917 3354 dicit
929 3367 935 3380 .
947 3299 1164 3370 chrysostomus,
1188 3301 1266 3372 quod
1292 3300 1436 3360 cicatrices

849 3371 956 3452 suntin
970 3369 1081 3428 Christo
1097 3387 1183 3444 super
1196 3373 1275 3430 radio
1289 3373 1360 3431 solis
1374 3368 1436 3429 luci·

849 3441 953 3498 diores.
980 3443 1058 3500 Unde
1083 3442 1181 3513 etiam,
1198 3445 1355 3502 secundum
1378 3445 1435 3501 Att-

849 3515 1000 3582 gustinum,
1014 3511 1043 3568 in
1054 3513 1103 3572 iilo
1118 3519 1393 3588 raguuapparebunl
1409 3513 1434 3569 iii

849 3583 1015 3656 corporibus
1028 3585 1177 3644 beatorum
1194 3590 1350 3660 Martyrum
1363 3588 1434 3644 cica-

848 3655 934 3712 trices
952 3657 1110 3726 vuluerum,
1122 3674 1187 3730 quae
1202 3675 1253 3731 pro
1269 3659 1373 3716 Christi
1391 3671 1435 3713 no

849 3728 926 3784 mine
944 3727 1012 3784 olim
1026 3729 1298 3800 pertuleruntzsicut
1314 3731 1396 3787 stella
1408 3729 1435 3782 iii

849 3799 930 3864 ciclo,
946 3807 1017 3857 sicut
1033 3800 1104 3870 lapis
1119 3810 1261 3872 pretiosus
1276 3801 1305 3858 iu
1320 3799 1433 3866 annulo,

849 3869 921 3927 sicut
941 3872 994 3926 llos
1016 3869 1044 3927 in
1067 3872 1173 3944 stipite,
1189 3878 1217 3930 et
1240 3877 1314 3930 sicut
1329 3873 1434 3948 rubens

849 3943 926 3998 color
939 3941 966 3998 iii
980 3959 1054 3999 rosa.
1064 3945 1126 4000 Non
1140 3946 1215 4002 euim
1226 3945 1393 4002 deformitas
1407 3940 1432 3996 in

850 4015 900 4076 eis.
929 4015 979 4070 scd
1009 4014 1133 4086 dignitas
1158 4016 1222 4086 erit,
1251 4023 1280 4076 et
1306 4016 1433 4089 quadam

850 4085 979 4156 quamvis
991 4085 1020 4142 in
1031 4103 1160 4158 corpore,
1169 4105 1225 4144 uon
1242 4083 1432 4160 corporis,sed

851 4156 962 4214 virtutis
972 4157 1151 4240 pulchritudo
1165 4159 1295 4231 fulgebit,
1308 4176 1359 4216 nec
1372 4158 1432 4215 ideo

851 4236 945 4286 himen
959 4245 982 4285 si
999 4230 1168 4300 llai·tyribus
1182 4233 1280 4304 aliqua
1293 4231 1432 4303 amputata

849 4305 935 4373 atque
948 4300 1043 4358 ablati
1057 4307 1123 4358 sunt
1148 4306 1285 4370 membra,
1295 4302 1357 4360 sine
1369 4299 1432 4375 ipsis

850 4371 985 4430 membris
1001 4377 1086 4430 crunt
1100 4373 1108 4428 i
1114 4390 1129 4429 n
1145 4374 1353 4434 resurrectione
1366 4379 1434 4444 inorj
