2974 5040
350 437 388 495 nn
416 439 537 502 saxna.
566 446 600 503 tt
627 450 790 514 eisetuna
818 455 947 521 nohtut.
1240 481 1269 541 ut

40 535 281 596 conlormandum
298 556 329 598 se
343 543 410 601 huic
423 547 556 630 articulo,
573 557 633 624 pot·

39 605 92 661 erit
113 607 202 666 homo
225 611 344 670 brachia
366 619 395 671 et
414 633 510 678 omma
536 638 632 681 mem-

37 677 88 732 bra
107 693 172 747 sua,
192 679 257 740 sive
281 684 396 756 stando,
417 687 477 748 sive
498 708 631 764 procum·

37 749 128 805 hendo
149 749 179 808 in
202 754 322 812 modum
338 759 441 819 cruris.
459 763 545 821 etiam
565 783 630 824 cur·

36 820 183 891 poraliter,
207 829 237 881 et
259 829 334 884 vires
357 829 519 901 spirituales
541 836 631 896 inten-

36 892 184 950 tionaliter
203 897 242 952 ad
262 897 377 956 laudem
393 902 443 959 Dei
462 909 629 980 extendere,

37 967 261 1024 rememorando
277 969 343 1027 illos
357 988 509 1034 amorosos
523 982 632 1046 ample·

35 1049 85 1089 1us
102 1038 287 1097 extensionis
306 1042 414 1100 Christi
440 1063 505 1106 oum
530 1053 630 1122 dupu-

36 1107 106 1162 stiuo
120 1113 150 1163 et
164 1107 207 1164 sic
221 1127 307 1169 orare
323 1131 330 1169 :
345 1117 422 1185 lesu,
436 1123 486 1188 qui
504 1123 534 1176 iu
553 1141 632 1181 crum

36 1180 149 1234 ectmdi
156 1183 278 1238 uoluisti
289 1187 329 1240 ito
344 1191 487 1260 atrociter,
497 1199 529 1249 ut
538 1199 631 1253 omnio

36 1263 94 1303 osso
112 1254 162 1306 tuo
180 1260 298 1322 possent
315 1256 499 1330 dinumerari,
520 1267 568 1332 soc
586 1285 629 1324 me

37 1323 124 1376 umuio
151 1326 280 1381 membro
307 1330 435 1402 uiresque
458 1340 583 1406 corporis
602 1346 629 1396 et

36 1393 132 1448 anima
140 1410 208 1452 meae
215 1398 256 1452 cd
266 1399 376 1456 laudem
386 1409 463 1459 tuom
472 1409 628 1476 extendere,

38 1466 60 1516 et
70 1463 105 1518 od
120 1482 266 1525 rumorosos
278 1473 423 1544 amplexus
438 1483 499 1534 tuos
508 1479 628 1538 dulciter

40 1538 171 1605 aspirare.

72 1609 87 1660 6
99 1607 264 1668 Caucrrrxro
273 1613 584 1686 Caarsrr,nocuusaruu
594 1642 629 1708 ex

42 1693 73 1733 sa
87 1695 117 1734 m
133 1697 249 1739 enarro.
271 1689 385 1759 -lpse
405 1696 502 1750 autem
525 1697 628 1752 Domi-

39 1762 88 1804 nus
109 1759 207 1810 noster
228 1771 288 1812 non
315 1759 409 1817 solum
431 1762 628 1836 dignatusest

38 1815 66 1874 in
79 1835 160 1880 cruce
178 1827 316 1896 extend13
332 1831 382 1888 sed
397 1839 426 1889 et
441 1836 530 1894 uoluit
542 1855 627 1920 cruce

39 1889 159 1960 arrigunt
174 1901 398 1960 commendaret
412 1905 494 1963 nobis
507 1907 627 1968 indissu-

38 1959 149 2022 lubilem
162 1968 319 2028 caritatem
338 1985 627 2049 suamquasalutem

39 2039 159 2095 nostram
174 2039 314 2100 firmarit.
331 2045 459 2104 Entensis
475 2067 543 2122 ergo
560 2069 627 2110 ner-

39 2103 119 2162 viset
141 2112 231 2180 renis,
249 2129 286 2169 ac
303 2118 448 2186 protensis
468 2124 583 2180 ossibus
598 2131 627 2182 et

36 2173 166 2243 juncturis
181 2181 315 2242 uiolenta
328 2191 507 2260 extensione,
524 2195 627 2280 allinus

39 2253 78 2300 est
90 2251 176 2321 cruci,
194 2254 332 2314 manibus
347 2261 514 2333 etpedibus
530 2267 627 2324 dums-

39 2315 102 2374 sime
115 2325 272 2392 perforatis
288 2333 317 2384 et
330 2335 478 2403 sauciatis,
493 2352 557 2394 curn
570 2339 626 2396 cla·

40 2386 77 2443 ris
86 2394 187 2461 grossis
195 2403 224 2454 et
232 2397 409 2474 durissimis,
421 2415 515 2464 cutum
526 2415 626 2466 elcar-

43 2470 113 2530 nem,
129 2481 234 2527 nervos
251 2477 396 2540 eirenae,
412 2482 498 2548 atque
514 2495 626 2550 compa·

47 2544 91 2599 ges
111 2539 218 2596 ossium
248 2539 477 2618 dissipantibus;
502 2565 625 2622 quorum

49 2601 160 2662 stimulis
174 2610 271 2668 excita
284 2619 313 2671 et
334 2623 365 2672 tn
382 2634 482 2676 manus
495 2624 627 2706 et'pedes

46 2675 102 2730 tuos
115 2677 149 2734 ad
163 2697 249 2740 omne
267 2685 373 2743 bonum
389 2705 470 2761 opus.
485 2694 625 2760 Quoniam

45 2743 111 2802 enim
129 2750 236 2819 primus
259 2755 345 2815 homo
364 2759 402 2816 ad
417 2761 525 2833 lignum
547 2781 625 2836 prte-

47 2815 331 2886 varicationismunua
341 2833 531 2902 extendendo,
541 2842 569 2894 et
579 2855 627 2910 pe-

47 2883 304 2968 dihusacccdendo,
314 2899 510 2962 damnationis
522 2915 626 2968 nostra

47 2955 260 3036 chirographum
287 2969 402 3030 diaholo
429 2977 592 3062 coniecerat
616 2999 624 3039 ι

44 3023 99 3083 ideo
111 3033 188 3092 lesus
202 3040 338 3098 Salvator
354 3049 463 3114 noster,
478 3053 508 3104 ut
523 3051 624 3108 chrro-

43 3103 169 3170 guphum
195 3107 269 3168 illud
295 3113 415 3184 deleret,
436 3119 568 3178 manibus
594 3129 622 3206 et

43 3169 149 3236 pedihus
168 3178 244 3250 ligno
262 3183 418 3243 salutiferae
433 3189 526 3247 crucis
540 3193 618 3266 atligi

47 3239 124 3300 rotuu
143 3249 227 3307 clavis
248 3251 447 3317 invictissime
472 3262 622 3322 caritatis:

46 3309 130 3370 licteus
145 3333 194 3389 per
209 3323 265 3381 huc
276 3329 493 3402 chirographum
508 3335 621 3402 decreti,

47 3384 110 3447 quod
123 3397 180 3446 erm
198 3401 373 3454 contrarium
388 3403 479 3472 uobis,
494 3409 623 3479 elipeum

47 3453 103 3506 tulit
122 3459 155 3513 dc
170 3467 262 3522 medio
276 3471 397 3540 alipene
413 3475 487 3530 illud
500 3481 622 3537 crucio

48 3528 371 3598 quemlihenterorucem
382 3544 622 3608 [luminosascen-

48 3589 92 3663 dh,
100 3603 126 3654 el
138 3613 242 3672 quanto
254 3625 351 3668 amore
360 3615 461 3673 omnia
475 3633 525 3690 pro
539 3621 622 3680 nohis

49 3669 195 3732 sustulith
210 3689 320 3750 quanta
331 3685 471 3756 patientia
484 3691 622 3762 obedivit,

50 3737 211 3806 elquantum
224 3751 309 3810 Pater
319 3752 349 3810 in
359 3756 449 3826 ipsius
459 3761 622 3822 ohedientia

51 3801 196 3884 delectatus
217 3822 289 3881 luitl
316 3826 338 3883 0
359 3835 473 3899 quantae
490 3849 573 3891 voces
587 3852 621 3893 ac

52 3877 136 3960 lustru
153 3888 276 3951 ululatus
294 3903 323 3954 et
341 3900 467 3980 gemitus
482 3901 521 3960 ibi
537 3907 573 3963 ab
588 3924 620 3964 a·

52 3957 206 4034 micaenis,
219 3971 247 4020 et
267 3983 410 4042 precipue
429 3988 446 4028 a
462 3975 551 4033 Matre
569 3994 621 4036 sua

52 4029 220 4099 mestissima
241 4039 408 4110 audiuntur,
420 4059 484 4101 cum
501 4049 542 4103 sic
557 4065 620 4105 cru·

52 4083 142 4150 deluer
155 4107 324 4179 extenditur,
344 4115 484 4183 claretur,
501 4123 529 4174 et
544 4119 618 4176 lodi·

54 4159 141 4224 lucet
165 4179 223 4232 toto
250 4196 371 4253 corpore
398 4186 572 4259 dresrpaturt
596 4192 618 4250 Ο

53 4231 147 4306 stupor,
161 4257 177 4298 0
192 4246 306 4316 pietatis
318 4256 473 4337 abyssum
489 4260 619 4345 caritatis

55 4309 231 4386 rucendrnmp
247 4323 320 4382 mira
334 4341 410 4384 circa
426 4345 478 4386 nos
491 4337 548 4389 tuae
561 4349 619 4405 pre·

55 4369 110 4429 taus
128 4379 261 4464 dignatio,
285 4411 302 4452 o
327 4397 536 4460 inaestimabilis
567 4404 617 4463 di-

110 4492 174 4555 Vns
189 4505 252 4564 lusu
263 4511 382 4584 Caarsrr,
398 4532 485 4576 nouus
497 4523 546 4578 Ill.

689 561 773 619 lectio
789 565 938 629 caritatisl
956 575 1011 632 Sed
1026 593 1094 637 care
1110 599 1147 642 ne
1161 593 1191 644 tu
1205 590 1269 648 cla-

689 648 738 690 vos
752 638 844 696 cruris
853 642 956 701 Christi
969 648 1101 720 saurices,
1113 657 1155 712 vrl
1168 675 1270 720 munus

688 715 737 762 aut
756 709 843 778 pedes
867 714 979 773 Domini
1003 737 1046 778 ers
1065 727 1206 794 vulneres.
1221 741 1271 791 aut

687 777 823 842 conflans.
840 784 941 844 Claros
956 791 1033 850 enim
1054 811 1146 856 crucis
1167 805 1271 863 Christi

687 847 817 919 lubricat,
834 856 883 927 qui
899 857 976 918 inter
994 867 1140 935 proximos
1161 875 1271 934 disror-
1303 892 1306 898 '

686 919 748 976 dim
762 925 894 985 seminat.
910 933 1009 992 hlanus
1023 953 1090 995 vero
1103 944 1216 1004 Domini
1229 948 1271 1006 vi·

686 990 770 1049 detur
791 996 879 1056 clavis
898 1004 1051 1066 vulnerare
1069 1015 1096 1069 et
1113 1018 1272 1090 conligere,

685 1062 733 1134 qui
750 1065 784 1122 de
805 1069 886 1128 honis
911 1089 928 1130 a
953 1078 1012 1135 Deo
1035 1081 1111 1141 datis
1133 1103 1190 1146 uun
1212 1099 1272 1151 ruu

684 1133 881 1212 eleemosynas
905 1159 1037 1220 erogare.
1057 1153 1149 1216 Pedes
1172 1169 1271 1222 autem

684 1205 787 1266 Christi
814 1212 904 1271 claris
930 1217 1031 1280 lerrris
1058 1229 1201 1302 perlorat,
1222 1236 1271 1308 qui

683 1279 797 1338 theatra
820 1300 870 1342 seu
894 1294 1057 1360 spectacula
1083 1305 1111 1356 et
1137 1306 1271 1364 tabernas

684 1350 776 1424 magis
798 1369 882 1425 quam
904 1363 1040 1422 ecclesias
1058 1369 1164 1431 visitat.
1181 1409 1214 1420 -
1232 1381 1270 1437 Ex

685 1422 738 1478 hoc
751 1423 828 1482 enim
840 1428 962 1490 articulo
975 1438 1168 1504 crucifixionis
1180 1451 1269 1507 trahi·

684 1497 731 1550 tur
740 1493 954 1574 documentum,
965 1509 1041 1578 quud
1056 1518 1085 1568 et
1097 1530 1149 1574 nus
1160 1522 1271 1579 crucili-

682 1579 750 1636 gere
770 1569 905 1630 dehemus
925 1591 1042 1638 carnem
1058 1591 1187 1647 nostram
1205 1609 1269 1652 cum

683 1635 758 1694 vitiis
773 1645 1064 1718 etcoucupiscentris;
1079 1659 1209 1720 utsimus
1221 1665 1268 1722 lixi

682 1708 778 1766 claris.
789 1709 818 1768 id
834 1722 877 1772 est
891 1723 1041 1799 praecptis
1054 1726 1186 1802 justitia,
1196 1735 1270 1795 sicut

682 1779 812 1840 Christus
827 1787 914 1846 olaus
929 1794 1058 1854 conllxus
1073 1801 1127 1858 luit
1142 1805 1171 1862 in
1190 1806 1268 1881 liguo

682 1853 784 1910 cruris.
806 1855 852 1914 Sic
873 1859 940 1918 lecit
957 1863 1018 1938 ipse
1037 1872 1204 1948 Apostolus,
1219 1881 1267 1950 riui

682 1921 796 1982 dicebat
811 1944 818 1983 ε
833 1931 942 1990 Christo
956 1943 1081 2010 confisus
1101 1963 1162 2005 sum
1181 1956 1267 2018 cruci,

681 1992 769 2052 idest
790 2013 857 2056 crux
878 2003 982 2064 Christi
1008 2014 1139 2074 exstinxit
1164 2019 1195 2078 in
1223 2039 1268 2080 mc

682 2068 815 2125 ardorem
834 2076 955 2146 peccati,
980 2081 1084 2144 timore
1107 2091 1169 2162 liei,
1184 2095 1266 2165 quasi

682 2138 771 2196 claris
785 2141 885 2201 alssxas
900 2147 1011 2208 hahens
1035 2171 1148 2218 carnes.
1165 2165 1198 2220 Et
1214 2169 1267 2224 hoc

681 2215 725 2266 est
740 2212 816 2284 quod
830 2221 895 2272 orat
907 2220 1052 2292 Propheta
1069 2246 1076 2285 :
1092 2233 1202 2305 Goutipe
1212 2240 1268 2294 clu-

680 2285 724 2337 uis
741 2299 758 2338 u
774 2287 872 2343 timore
887 2294 934 2347 tuo
947 2310 1045 2355 carues
1066 2318 1150 2370 meos,
1166 2324 1267 2366 secun·

682 2354 749 2410 dum
765 2357 1061 2441 translationemque
1077 2377 1265 2454 utiturhugu·

681 2427 784 2482 stinus.
801 2459 836 2470 —
847 2433 889 2488 hd
905 2438 1141 2505 corrlormmdum
1156 2467 1185 2508 se
1200 2452 1267 2511 huic

680 2498 813 2568 articulo,
829 2514 1008 2568 memoretur
1019 2515 1105 2575 homo
1117 2523 1265 2582 coutinen-

680 2566 749 2625 tiam
765 2571 840 2642 rjus,
856 2581 884 2632 et
899 2577 941 2636 sic
956 2591 1019 2640 oret
1034 2603 1041 2642 :
1055 2590 1131 2660 lesu,
1148 2599 1199 2665 qui
1216 2597 1267 2654 du·

678 2643 800 2698 cissimis
822 2646 911 2704 cluis
931 2658 1008 2710 cruci
1032 2663 1117 2730 cippi
1139 2668 1265 2740 uoluisti,
1316 2736 1323 2750 Ι

679 2728 712 2768 oc
730 2730 779 2782 per
797 2716 847 2773 hoc
862 2721 1078 2798 chiropruphum
1092 2745 1266 2806 peccatorum

679 2789 836 2843 uestrorum
851 2797 877 2846 et
891 2801 989 2853 mortis
1001 2803 1090 2860 eidem
1105 2813 1181 2866 cruci
1195 2815 1266 2884 usti·

679 2857 762 2927 cisti,
773 2862 887 2931 coufipe,
896 2881 996 2938 quase,
1009 2875 1107 2933 timore
1114 2885 1160 2936 tuo
1170 2899 1267 2941 coruos

678 2943 764 2998 meus,
779 2937 810 2985 ut
825 2943 971 3007 precept-ts
986 2947 1042 2999 tuis
1054 2948 1131 3016 firmi
1143 2967 1172 3006 er
1183 2957 1265 3013 inhae-

678 3015 752 3062 reas,
771 3015 878 3074 semper
891 3009 946 3063 tihi
960 3017 1084 3084 couflcus
1109 3026 1163 3079 sim
1178 3030 1263 3085 cruci.

714 3071 871 3142 7Levur1o
898 3096 1001 3152 caucis,
1025 3103 1205 3153 nocuusuruu
1231 3117 1265 3157 an

678 3157 727 3209 ΕΔ,
744 3159 829 3201 actus
848 3164 1085 3216 cousouusmouts
1103 3181 1135 3220 ET
1152 3184 1262 3228 onusto.
1351 3195 1355 3206 ¹

678 3213 797 3271 -Cum
816 3233 886 3290 ergo
906 3226 1055 3287 crucilluio
1080 3234 1156 3292 lacta
1178 3247 1263 3312 esset,

678 3299 762 3341 cruce
776 3284 805 3342 in
822 3296 899 3348 terra
919 3294 1046 3368 jacente,
1061 3311 1160 3373 postea
1179 3311 1262 3368 Chri-

678 3361 753 3412 stum
769 3357 886 3418 altinum
907 3365 1074 3429 levaverunt
1087 3392 1152 3434 cum
1166 3397 1261 3440 cruce.

676 3429 710 3483 Et
719 3427 772 3484 hoc
783 3431 897 3490 videtur
906 3443 1014 3498 sentire
1027 3445 1222 3519 Hieronymus,
1234 3461 1263 3512 et

678 3500 706 3554 in
722 3501 847 3570 quadam
863 3507 994 3569 oratione
1005 3530 1138 3588 expresse
1153 3521 1208 3582 hoc
1221 3526 1262 3583 di·

677 3575 716 3626 crt
732 3573 908 3635 luuoceutius
920 3581 999 3654 Papa
1010 3588 1055 3643 tll.
1070 3591 1104 3646 Et
1116 3592 1170 3652 hoc
1187 3596 1261 3657 torte

677 3654 865 3712 representat
887 3653 1025 3725 Ecclesia,
1041 3657 1069 3716 in
1090 3680 1124 3720 eo
1144 3669 1220 3738 quod
1233 3670 1263 3728 in

676 3711 723 3769 die
739 3715 914 3778 Parasceves
928 3741 996 3782 crux
1011 3730 1208 3796 deosculanda
1214 3741 1261 3814 ja·

677 3789 722 3840 cet
738 3787 774 3842 ad
788 3795 896 3848 terram
911 3799 1076 3866 appodiata.
1093 3806 1149 3866 leta
1163 3819 1263 3871 autem

676 3853 780 3913 levatio
790 3875 847 3917 non
862 3865 992 3938 duilium,
1002 3873 1069 3944 quin
1083 3880 1199 3938 maximi
1210 3885 1262 3942 do·

676 3927 745 3984 loris
770 3929 866 3998 luerit,
886 3951 921 3994 eo
941 3945 1017 4010 quod
1045 3951 1112 4006 tuuc
1141 3951 1264 4016 lacerata

674 4005 742 4054 sunt
764 4001 887 4062 uulnera
909 4023 1026 4070 manum
1048 4029 1076 4073 et
1098 4023 1203 4092 pedum
1231 4046 1265 4086 ex

674 4070 890 4140 ponderositate
902 4085 1041 4154 corporis,
1058 4095 1265 4160 profluxerunt·

675 4143 1263 4266 quecopiosirivisuuguinisundique,ex

674 4209 681 4266 i
696 4211 731 4268 lis
744 4221 857 4287 maguis
872 4221 1043 4286 scissurrset
1059 4231 1189 4296 lontibus
1203 4243 1262 4298 Sal·

673 4285 792 4344 saturis.
818 4291 851 4347 ln
880 4296 939 4352 alto
968 4309 1077 4373 autem,
1100 4311 1260 4368 secundum

672 4357 877 4429 Auqustinum
893 4369 1011 4440 elevari,
1028 4385 1056 4430 et
1076 4393 1132 4434 nou
1148 4383 1201 4440 sub
1216 4389 1258 4440 te·

673 4431 718 4486 cto
729 4435 790 4504 pati
803 4433 942 4496 Dominus
955 4442 1053 4517 votuit,
1064 4455 1096 4504 ut
1110 4454 1197 4510 etiam
1210 4471 1269 4518 na·.

1180 4555 1193 4604 'i
