3036 5042
154 338 185 388 58
510 335 666 391 8Ε6ΗΝΜ
694 339 815 395 uthlls
842 333 947 389 eleut
975 334 1033 388 titt

156 445 280 500 ulutatu·
295 441 375 513 regni
388 445 443 497 met
458 443 575 512 terreni,
584 443 662 500 unde
675 449 740 516 post
795 455 853 512 mn,
862 457 924 514 qun
939 442 1014 498 Deus
1026 443 1079 509 est,
1088 455 1146 498 non
1158 443 1250 501 solum
1260 459 1313 516 per
1325 459 1392 502 ero·

157 531 254 587 regem
269 513 355 570 etiem
378 527 497 586 regnum
512 515 669 586 temporale
685 515 739 572 ha·
796 516 932 582 ationem,
950 511 1000 569 sed
1017 511 1104 570 etiam
1143 529 1175 570 er
1192 513 1391 574 imitationem

159 588 206 644 bet
231 585 407 654 firmitatem,
435 588 532 656 utique
555 587 739 658 decertarent,
795 591 824 644 et
841 583 1099 656 subiectionema
1139 589 1266 644 itanceut
1282 603 1390 656 meam,

158 663 259 715 contra
279 656 467 728 adversarios,
482 662 512 713 ut
536 675 588 714 nou
615 659 741 717 traderer
794 659 883 715 verba
900 671 962 713 mea
978 655 1131 728 credendo,
1148 661 1176 714 et
1190 673 1277 730 opere
1290 659 1389 716 edim·

158 729 277 797 tuceta
295 745 345 800 per
356 729 431 800 quod
445 733 523 801 patet
537 729 612 801 quod
625 747 684 787 non
699 735 742 788 cst
794 729 917 803 plendo;
934 731 962 783 et
972 741 1023 800 per
1040 741 1220 800 consequens
1234 729 1263 786 in
1277 729 1391 788 talibus

159 801 335 858 mundanum
348 815 467 874 regnum
480 817 585 858 meum.
603 803 681 858 Unde
695 818 739 860 se·
796 799 984 874 spiritualilur
1004 814 1104 870 regno.
1120 803 1194 857 llicit
1209 804 1234 857 ei
1248 803 1361 858 Pilatus
1382 822 1392 858 ε

158 873 254 945 quitur
278 875 383 932 :Naue
401 877 492 928 autem
516 889 631 942 manum
653 890 742 930 meum
795 873 869 940 Quid
883 876 923 928 est
936 872 1058 926 ueritas?
1074 871 1106 926 Et
1118 871 1203 944 hujus
1214 872 1391 944 questionis

158 961 213 1002 unu
228 949 267 1000 est
282 945 355 1006 hinc.
372 942 402 1000 id
419 948 461 1000 est
480 943 516 1000 de
539 945 593 1000 hae
614 945 739 1014 mundo,
797 955 964 1016 responsum
983 957 1041 1023 non
1055 943 1238 1013 exspectavit.
1254 944 1323 1016 quia
1336 947 1391 1003 Ju-

159 1021 203 1073 est
222 1019 317 1072 tamen
334 1013 391 1083 bic,
411 1013 480 1086 quia
502 1015 609 1088 ubique
627 1016 742 1088 attingit
796 1016 924 1074 daeorum
935 1012 1121 1082 malitiam,et
1131 1014 1235 1072 Christi
1251 1015 1390 1073 innocen-

160 1103 177 1144 ε
192 1087 248 1142 tine
263 1103 354 1157 usaue
379 1085 416 1144 ad
436 1086 534 1142 linem.
552 1088 630 1144 Unde
645 1089 741 1157 tupu·
796 1087 865 1144 tiam
877 1083 1046 1158 percipiens,
1058 1085 1093 1140 ad
1108 1086 1170 1156 ejus
1184 1085 1389 1144 liberationem

159 1161 269 1214 cliuus:
289 1159 377 1214 allon
392 1157 460 1213 dicit
472 1175 479 1213 ι
491 1159 552 1215 Non
562 1163 606 1215 est
620 1160 677 1228 hic,
693 1159 740 1216 hic
796 1157 959 1228 festinavit,
974 1155 1029 1224 vel,
1045 1157 1233 1228 quaestionem
1256 1160 1292 1215 do
1309 1157 1389 1215 veri-

160 1235 201 1288 est
215 1229 290 1286 enim
303 1245 423 1300 regnum
438 1229 500 1302 ejus
516 1245 603 1302 usque
614 1230 642 1287 in
653 1231 741 1288 linem
796 1235 854 1288 lete
865 1233 976 1286 tantum
989 1228 1082 1284 lacere
1095 1227 1197 1301 potuit,
1210 1227 1390 1302 sedrespnn-

160 1301 258 1366 seculi,
275 1301 382 1358 habens
397 1299 425 1356 in
449 1317 480 1357 se
498 1305 649 1360 commixta
663 1302 742 1360 ziza·
797 1317 859 1360 sum
882 1300 967 1357 finale
987 1299 1087 1357 audire
1109 1315 1166 1357 uon
1181 1301 1297 1370 meruit,
1317 1301 1389 1372 auin

160 1375 208 1430 tuin
222 1389 313 1444 usqne
338 1372 374 1430 ad
405 1388 549 1443 messem;
575 1375 626 1431 sed
646 1379 741 1432 amen
794 1372 932 1446 judicium
953 1387 1035 1428 suum
1055 1387 1072 1428 a
1090 1373 1209 1429 veritate
1229 1373 1387 1442 inchoavit,

158 1463 213 1502 uon
236 1451 277 1502 est
299 1447 373 1513 hinc,
403 1444 469 1514 auin
494 1445 695 1517 peregrinetur
713 1446 742 1503 in
797 1451 826 1502 et
838 1461 896 1502 uon
909 1443 939 1500 in
952 1442 1182 1511 veritate,sedin
1197 1445 1389 1518 perversitate

160 1515 349 1574 hosmundo.
369 1537 383 1568 u
403 1516 483 1573 Unde
499 1523 528 1573 et
548 1520 713 1590 Theophilus
733 1537 741 1574 a
797 1516 898 1572 finivit.
921 1513 1037 1586 Legitur
1056 1519 1152 1597 minen
1174 1515 1204 1572 in
1228 1515 1388 1598 Evangelio

164 1611 174 1640 e
193 1591 251 1645 Nou
266 1587 336 1644 dicit
353 1605 360 1643 ι
377 1588 438 1644 Non
454 1595 497 1644 est
509 1587 572 1659 hic;
588 1591 639 1646 sed
659 1607 665 1645 ι
681 1593 742 1650 Non
798 1591 1006 1652 Nazareorum,
1023 1591 1050 1642 et
1065 1591 1152 1643 etiam
1164 1587 1277 1645 videtur
1290 1589 1389 1645 dicere

162 1667 201 1716 est
221 1663 295 1716 letne.
315 1660 386 1715 llam
408 1665 510 1729 regnat
533 1658 562 1715 in
580 1660 697 1730 mundo,
715 1669 743 1718 et
797 1661 982 1730 inpoenitens,
1006 1657 1082 1729 quod
1112 1657 1240 1716 Christus
1265 1675 1389 1732 respon·

162 1731 250 1788 ulitur
270 1729 344 1787 illius
379 1729 533 1798 invisione,
549 1735 578 1788 et
597 1731 677 1803 juxta
693 1748 742 1789 vo·
799 1733 849 1800 dit,
865 1729 943 1813 quod
957 1728 1063 1785 veritas
1077 1731 1121 1785 esi
1139 1729 1175 1787 de
1191 1731 1312 1800 coelo,et
1328 1747 1389 1787 nou

162 1809 222 1859 tum
238 1807 339 1858 cuncta
353 1745 503 1873 disposuit.
518 1804 580 1858 Nun
595 1808 742 1860 astantem
798 1807 861 1860 erat
875 1819 905 1858 m
920 1805 1013 1882 terra3
1031 1799 1081 1882 sed
1095 1799 1204 1882 Pilutus
1218 1817 1276 1858 non
1298 1801 1388 1860 audi-

162 1876 198 1931 ab
215 1873 321 1930 infimis
340 1872 525 1930 constitutum
537 1891 656 1946 regnum
671 1877 742 1946 ejus,
798 1873 839 1929 vit
856 1891 862 1931 ε
878 1873 932 1942 vel,
949 1887 1018 1944 quin
1030 1877 1116 1928 exivit
1130 1873 1166 1929 ad
1179 1873 1313 1942 ludaeos,
1330 1873 1387 1943 rel,

161 1946 209 2001 sed
226 1943 346 2014 coelitus,
371 1950 399 2001 et
423 1949 491 2002 ante
510 1945 615 2003 secula.
632 1967 646 1998 u
665 1946 744 2004 Unde
799 1950 916 2018 propter
930 1943 1084 2000 tumultum
1099 1943 1293 2001 clamantium.
1311 1943 1389 2002 Pila-

163 2016 248 2074 ctiam
265 2018 470 2087 chmeostomas
486 2037 495 2073 c
513 2041 523 2069 e
547 2018 603 2076 Sed
619 2033 685 2076 cum
700 2017 743 2075 di·
799 2023 847 2073 tus
861 2015 1048 2088 quaestionem
1061 2015 1096 2072 de
1110 2015 1230 2073 veritate
1246 2015 1322 2086 lecit,
1335 2015 1388 2073 sed

162 2089 221 2145 xil:
236 2092 359 2159 llepuum
373 2106 461 2146 meum
472 2107 526 2146 reon
540 2095 581 2147 est
596 2093 670 2155 hinc,
686 2106 744 2147 nou
800 2089 834 2145 de
858 2086 1045 2166 responsione
1064 2103 1122 2144 non
1134 2088 1252 2145 curavit.
1273 2087 1387 2146 Veritas

163 2161 255 2233 privat
276 2161 411 2218 inondum
431 2161 467 2218 de
487 2178 540 2220 sua
585 2161 746 2220 recidentia
801 2158 877 2216 enim
895 2165 938 2217 est
964 2158 1037 2215 sicut
1065 2173 1139 2231 aqua
1164 2157 1326 2229 benedicte,
1350 2159 1388 2216 ad

162 2241 191 2290 et
211 2232 385 2304 praelatione,
404 2234 454 2290 sed
475 2179 598 2290 ostendit
624 2247 744 2306 regnum
800 2247 887 2359 uuam
902 2247 1003 2288 omnes
1023 2234 1150 2300 currunt,
1170 2235 1268 2288 tamen
1285 2247 1389 2289 manus

162 2321 245 2361 suum
259 2321 317 2361 non
330 2321 393 2360 esse
405 2306 561 2361 humanum
576 2321 670 2376 neque
685 2321 745 2361 cor·
812 2303 882 2360 aciei
893 2306 1050 2384 apponunt,
1060 2317 1095 2358 ne
1105 2317 1191 2375 super
1202 2302 1388 2376 inciemaqua

162 2375 296 2458 reptibile
310 2417 317 2446 ,
348 2375 484 2456 quoniam
511 2376 633 2448 desuper
660 2377 747 2432 habet
801 2375 894 2432 cadat.
909 2377 955 2431 Sec
969 2372 1049 2430 multi
1063 2379 1195 2456 quaerunt
1207 2375 1243 2458 de
1255 2374 1386 2457 veritate,

162 2451 364 2518 principatum,
383 2461 431 2529 qut
455 2461 513 2502 uon
529 2451 573 2503 est
594 2447 745 2516 humanus,
802 2448 902 2504 nolunt
916 2451 1012 2503 tamen
1026 2445 1269 2516 quodersvcrrtns
1282 2446 1387 2504 desurs

76 2579 79 2588 ,
163 2518 214 2574 sed
233 2517 321 2574 multo
342 2531 433 2588 major
452 2521 480 2574 el
500 2518 613 2574 clarior.
630 2539 644 2568 a
666 2521 746 2574 Discit
801 2517 959 2576 defectibus
973 2515 1094 2585 dicetur,
1111 2515 1197 2574 etiam
1216 2533 1268 2590 prp
1286 2533 1386 2574 eorum

164 2592 259 2659 itaque
273 2591 298 2643 ee'
313 2590 421 2644 Pilatus
435 2607 443 2644 a
461 2591 534 2658 Erpc
548 2593 607 2646 tter
621 2605 648 2644 es
662 2594 702 2658 tu,
712 2606 746 2646 ex
802 2590 903 2647 salute.

164 2657 747 2732 quoslihiestregnumluum‘lltespeudc't
841 2683 870 2718 ιε
889 2662 989 2718 Prnsro
1003 2676 1058 2716 uon
1077 2673 1240 2716 tuvnurnurs
1259 2677 1288 2718 ru
1303 2661 1385 2717 Cunt-

164 2735 265 2787 Jesus:
284 2733 324 2787 Tu
347 2732 429 2798 dicis,
449 2735 516 2803 quia
536 2735 595 2788 lien
609 2749 669 2788 sum
687 2749 745 2800 epo.
802 2749 979 2802 saonensem,
1007 2733 1094 2788 lunen
1114 2747 1203 2788 oeuno
1227 2749 1259 2788 nr
1274 2747 1385 2789 nonnus

164 2801 250 2870 Quasi
265 2801 373 2859 diceret
389 2820 396 2858 ι
412 2805 470 2874 Ego
482 2819 535 2861 nec
547 2820 629 2875 nego,
645 2817 697 2860 nee
707 2804 745 2860 al·
802 2823 856 2862 cun
868 2819 1012 2861 accusem.
1026 2831 1061 2844 -
1070 2805 1107 2859 nt
1120 2819 1181 2859 eam
1190 2805 1246 2860 hac
1256 2803 1383 2866 dtntssct.

164 2875 258 2943 firmo,
275 2874 326 2930 secl
341 2881 371 2930 ta
387 2875 468 2944 dias,
485 2891 542 2932 non
557 2881 653 2932 marien
668 2891 746 2933 asse·
802 2876 957 2950 quaerendo
988 2873 1057 2947 qnid
1085 2879 1128 2931 est
1152 2877 1267 2944 veritas,
1286 2879 1384 2932 iterare

164 2946 322 3016 rendo,eed
337 2945 551 3019 interrogando.
563 2947 669 3004 Eodem
682 2964 745 3004 ver·
801 2951 890 3004 euicit
904 2949 942 3004 ad
956 2947 1076 3012 iudans,
1096 2950 1128 3004 ut
1152 2961 1202 3016 pra
1221 2946 1385 3004 innocentia

164 3017 200 3074 bo
215 3016 332 3074 Praesidi
348 3033 405 3089 quo
418 3023 445 3074 el
460 3018 634 3090 principibus
651 3035 745 3076 sacer·
802 3018 913 3078 Domini
927 3018 1102 3090 loqueretur,
1118 3023 1144 3076 et
1158 3018 1233 3074 dicit
1250 3020 1289 3074 ets
1304 3039 1313 3074 r
1329 3021 1384 3088 Epo

163 3089 426 3162 dolnmrespnndit,
440 3089 592 3163 utpropris
603 3090 747 3148 sententia
801 3093 907 3148 nullam
921 3093 1029 3146 inuenio
1043 3092 1074 3146 c'u
1092 3106 1121 3146 eo
1143 3105 1266 3158 causam,
1281 3089 1385 3147 seilicet

164 3163 399 3219 condemnentur.
428 3163 524 3220 Noluit
543 3164 637 3220 dicere
658 3180 664 3219 :
686 3165 747 3219 Non
802 3170 894 3220 morte
909 3161 1034 3235 dignam.
1050 3160 1121 3230 Quia
1134 3162 1209 3218 enim
1225 3161 1342 3230 Pilatus,
1358 3167 1385 3219 et

163 3249 236 3303 sum,
252 3251 287 3291 ne
303 3233 406 3292 laisum
418 3233 537 3302 diceret,
555 3233 645 3292 noluit
660 3233 746 3292 etiarn
801 3237 960 3306 imperator
974 3231 1107 3290 dominus
1130 3249 1209 3302 snus,
1229 3250 1287 3290 non
1305 3249 1383 3290 cura·

163 3305 258 3362 dicere
273 3324 278 3363 :
295 3307 435 3378 Egosum,
451 3323 487 3364 ne
504 3307 654 3363 calumniae
668 3322 746 3362 occa·
801 3307 870 3364 bant
884 3304 938 3362 nisi
953 3305 989 3362 de
1004 3321 1093 3376 regno
1108 3309 1233 3374 terreno,
1251 3306 1315 3362 ideo
1337 3303 1381 3361 Pi·

163 3377 272 3435 sionem
295 3378 386 3434 derat.
414 3378 494 3434 Unde
517 3379 557 3434 sie
577 3377 747 3449 temperavit
801 3375 1383 3446 latushahuitlesumexcusatum,dicens

163 3447 379 3520 responsionem
389 3453 554 3516 suammet
565 3463 663 3505 verum
673 3448 746 3506 dice·
800 3467 830 3506 se
851 3448 921 3506 nihil
938 3447 1065 3507 criminis
1079 3447 1209 3504 invenire
1227 3448 1255 3504 in
1270 3463 1316 3505 eo.
1335 3450 1383 3506 tu·

165 3525 255 3588 rct,et
265 3535 358 3575 serino
371 3521 432 3591 ejus
442 3519 590 3576 calumniae
600 3536 657 3576 non
670 3525 747 3592 pato-
802 3521 854 3578 daei
870 3537 939 3594 ergo
963 3519 1071 3576 invidia
1091 3519 1227 3577 stimulati
1245 3523 1320 3587 sunl,
1338 3519 1384 3591 qui

162 3597 251 3660 rebel
260 3587 374 3662 penitus
385 3591 463 3648 nulla
473 3589 555 3663 culpa
565 3589 593 3647 in
605 3607 638 3648 eo
646 3607 748 3665 coguo—
797 3595 909 3666 justum
925 3591 1099 3649 mendaciter
1112 3591 1250 3648 damnare
1272 3591 1383 3648 labora-

164 3667 301 3719 srerelur.
800 3669 911 3722 verunt.
928 3664 983 3721 Sed
997 3662 1043 3721 hic
1056 3669 1100 3718 est
1116 3663 1218 3720 modus
1234 3662 1383 3734 malorum,

203 3757 229 3790 ιι
241 3735 371 3790 Concreto
382 3751 462 3790 necui
478 3735 746 3803 Gneisr1‚vnn1rtr1s
801 3735 875 3808 quod
888 3751 939 3807 per
951 3733 1102 3792 mendacia
1113 3739 1244 3806 quarunt
1255 3733 1386 3790 condem·

163 3821 336 3862 ranorcnrro.
352 3835 384 3846 -
397 3805 693 3874 Deinde,determinat
702 3807 745 3864 sui
801 3807 946 3864 nationem
958 3807 1111 3879 justorum.
1124 3807 1162 3861 Ex
1172 3804 1323 3862 bocetiem
1335 3821 1382 3878 pe-

163 3875 244 3948 regnl
270 3876 473 3946 conditionem,
496 3877 616 3935 dicens:
644 3883 702 3948 Epo
716 3882 747 3935 ta
800 3883 842 3936 tet
857 3879 932 3950 quod
947 3876 1102 3950 aliquando
1117 3877 1223 3948 justins
1244 3875 1339 3948 egitur
1356 3875 1384 3932 in

163 3949 211 4004 hec
221 3953 303 4004 name
313 3963 384 4017 sum,
396 3949 601 4032 temporaliter,
613 3955 638 4006 ct
648 3952 686 4006 ad
697 3953 745 4007 hoc
801 3949 880 4007 curia
894 3948 998 4019 laicali,
1011 3964 1096 4021 quam
1108 3949 1136 4004 iu
1150 3947 1274 4004 clericali
1285 3963 1292 4017 ;
1304 3946 1383 4020 prin·

162 4021 225 4076 ueni
247 4022 277 4075 ia
293 4021 435 4088 mundum,
452 4036 505 4093 per
523 4037 616 4077 carnis
633 4037 744 4078 essum·
801 4021 878 4093 cipes
890 4023 968 4078 enim
981 4020 1161 4078 secerdotum
1171 4018 1314 4078 Christum
1323 4034 1384 4076 con·

160 4091 299 4165 ptionem,
325 4096 356 4147 ut
380 4092 564 4148 testimouium
588 4094 746 4164 perhibeam
800 4093 1007 4150 damnaverunt
1021 4097 1165 4164 tamquam
1178 4091 1280 4147 mortis
1295 4105 1382 4158 reum,

160 4165 283 4234 ueritati,
299 4161 745 4229 dicendoetradicandoverita·
801 4179 885 4237 quem
909 4167 1017 4222 Pcceses
1045 4165 1190 4221 Romanus
1221 4161 1383 4234 pronuntiet

160 4241 218 4293 tem
236 4236 271 4294 de
287 4233 390 4293 divinis
409 4234 438 4292 in
460 4234 592 4294 cordibus
608 4235 744 4294 fidelium.
800 4235 981 4294 innocentem
1003 4243 1031 4293 et
1050 4237 1168 4309 iustum.
1185 4233 1231 4292 Sic
1252 4239 1282 4292 et
1303 4231 1382 4290 hodie

162 4309 196 4365 lit
209 4307 384 4382 tueo,emau
398 4309 448 4379 eui
460 4313 500 4364 est
513 4324 548 4364 ee
562 4307 744 4382 umtatepri·
801 4307 833 4366 nr
859 4307 888 4366 in
914 4307 1042 4381 pluribus
1066 4308 1146 4377 locis,
1169 4305 1248 4381 quod
1270 4305 1381 4365 maleta·
