3124 5038
328 445 487 500 saltubus
518 445 770 501 Asrlulrrunuu
798 447 915 502 bouill
944 451 1024 504 Post
1053 451 1258 506 uusuttuuut.
1358 450 1406 503 itt

179 551 303 611 ctionem
315 568 435 608 verume
460 551 763 624 isprobationibuma·
819 570 865 610 res
880 553 1035 624 elegit,par
1068 571 1117 612 uos
1128 555 1262 614 universo
1273 557 1336 614 orbi
1353 559 1404 616 llo·

178 623 284 690 nitatis,
313 639 399 695 quam
429 567 582 681 divinitatis
605 623 763 693 insistebat,
818 625 956 683 surrectio
971 571 1149 683 maniiestari
1159 633 1266 699 posset.
1282 628 1404 702 sicergo

179 697 256 754 unde
269 703 336 752 tnnc
353 695 424 764 visu,
439 700 526 756 tactu,
540 712 602 763 esu,
618 703 645 752 et
667 697 764 752 multis
819 697 1015 770 Dominusper
1029 698 1091 756 dies
1105 699 1299 781 quadraginta
1312 701 1406 760 multi·

177 767 241 826 aliis
255 770 425 836 orpornentis
445 783 476 824 sa
496 781 594 824 verum
616 766 762 824 hominem
817 769 1404 842 lormiterapperensdiscipulrs,accedens

178 855 237 898 esse
253 841 440 912 approbabat.
458 838 545 896 Panis
559 838 687 896 triticeus
701 839 762 896 sine
816 841 992 914 loquensque
1008 859 1074 900 cum
1091 843 1153 900 eis:
1175 849 1204 900 ot
1223 845 1403 917 argumentis

178 910 256 968 omni
282 913 377 968 cinere
403 915 458 980 est,
478 910 540 967 sine
560 911 676 980 lurlure,
701 911 763 968 sine
818 930 868 969 nos
883 913 1052 970 illuminavit
1065 914 1102 971 ad
1117 914 1213 984 ildem,
1237 921 1265 973 et
1280 918 1402 988 promis·

177 983 341 1054 anigmate,
358 983 408 1039 sed
427 981 566 1039 desimila
586 983 760 1056 purissima:
816 984 855 1041 sis
871 985 960 1042 erexit
984 987 1020 1042 ad
1046 1001 1136 1058 spem,
1151 992 1185 1044 ut
1210 987 1251 1045 sic
1274 991 1406 1062 tendam,

177 1055 238 1110 baec
253 1059 294 1112 esi
320 1056 399 1112 nuda
423 1055 523 1111 deitas.
552 1056 602 1112 llic
617 1054 699 1128 panis
719 1059 762 1112 est
817 1056 899 1113 donis
915 1056 1037 1114 coelitus
1060 1057 1145 1126 datis,
1172 1059 1344 1119 accenderet
1369 1063 1406 1121 ed

178 1129 252 1183 Deus
268 1128 349 1184 Deus.
365 1128 436 1184 Nam
456 1125 600 1184 devotioni
616 1143 675 1184 non
697 1127 761 1183 sul·
816 1143 954 1186 amorem.
971 1131 1011 1194 Et,
1026 1130 1182 1187 secundum
1195 1135 1402 1202 Hieronymum,

134 1197 138 1205 ‘
178 1197 237 1254 ficit
252 1197 340 1258 semel
364 1198 484 1255 dicere:
511 1199 669 1268 Densum
685 1197 761 1255 enirn
817 1202 941 1258 ostendit
954 1200 1198 1260 immortalitatem
1219 1205 1401 1277 mortalibus,

177 1270 280 1328 devote
294 1275 336 1326 est
360 1287 367 1326 :
393 1272 468 1328 Deus
483 1271 557 1328 Deus
581 1285 661 1328 meus
680 1287 687 1327 ε
707 1271 761 1326 boc
816 1272 852 1329 ad
870 1272 1027 1344 gratiarum
1042 1273 1184 1332 actionem
1208 1275 1346 1350 debitam,
1372 1284 1405 1337 ut

177 1341 244 1398 lacit
259 1340 329 1398 milri
343 1344 428 1412 Deus,
441 1342 534 1399 etboc
544 1341 665 1400 addatur
679 1349 709 1399 ut
725 1340 762 1398 sit
816 1342 1010 1416 intelligamus
1024 1345 1092 1418 quid
1111 1345 1258 1422 fuerimus,
1277 1355 1306 1408 et
1324 1351 1403 1409 scia·

179 1415 252 1470 Deus
269 1416 345 1471 Deus
364 1429 453 1472 meus.
471 1413 543 1482 Quid
565 1413 640 1470 enim
659 1414 760 1485 prode·
817 1416 958 1488 musunid
974 1416 1060 1474 iuluri
1078 1417 1195 1482 erimus.

178 1483 759 1556 ritmibiDcus,sin0nsitDeusmeus:u
853 1491 1088 1556 AArrsmnronss
1117 1491 1218 1550 Domus
1248 1511 1402 1554 uomuisse

178 1558 238 1614 lraec
253 1559 421 1614 semorum.
816 1577 957 1617 siraninus
973 1577 1135 1617 urrunnun.
1156 1593 1191 1604 -
1208 1565 1248 1621 De
1266 1569 1402 1637 mysterio

213 1631 301 1686 ilion
315 1647 475 1694 rmonrsnac
484 1647 701 1698 sursussnrrons,
712 1645 760 1685 ssn
816 1636 911 1688 autem
925 1631 1126 1704 predictorum
1137 1634 1362 1707 apparitionum,
1374 1645 1404 1697 et

177 1719 304 1759 rasrrnns
319 1719 520 1760 rusonornmrs
532 1719 665 1760 seranum
682 1702 759 1760 Cani·
816 1705 936 1762 duarum
951 1703 1141 1776 sequentium,
1157 1703 1197 1762 sic
1212 1705 1280 1765 dicit
1301 1711 1401 1768 Beda:

179 1791 251 1832 srus.
265 1805 300 1818 -
315 1775 348 1830 Et
367 1773 523 1844 sciendum,
540 1775 617 1846 qrrod
636 1790 693 1830 non
707 1771 760 1828 ini·
817 1795 830 1828 n
845 1777 911 1832 Hac
922 1791 990 1847 ergo
1005 1775 1334 1852 frequentiacorporalis
1344 1798 1405 1841 sum¹

178 1845 243 1918 quis
263 1844 436 1916 bominibus,
452 1851 481 1903 et
502 1846 600 1902 muntii
621 1845 759 1902 amatori·
816 1846 1063 1918 manifestationis,
1077 1849 1228 1907 ostendere
1241 1852 1332 1910 voluit
1351 1856 1405 1912 Do·

178 1918 242 1987 bus,
260 1917 312 1974 sed
322 1916 390 1975 solis
405 1916 547 1990 Apostolis
560 1917 681 1990 aliisque
692 1917 761 1974 ilde-
815 1918 1039 1988 minus,inomni
1050 1919 1112 1977 loco
1127 1937 1159 1978 se
1174 1922 1315 1982 bonorum
1331 1925 1404 1984 desi-

814 1990 902 2047 deriis
917 1997 1088 2064 praesentem
1103 2007 1166 2050 esse
1178 1993 1325 2056 divinitus.
1345 1999 1402 2072 Ap-

814 2062 908 2134 paruit
922 2079 1044 2135 namqua
1059 2064 1096 2120 ad
1112 2075 1328 2128 monumentum
1359 2071 1400 2127 lu·

178 2133 253 2190 enim
270 2133 442 2192 conveniens
462 2137 523 2190 erat
542 2140 572 2190 nt
597 2132 725 2191 cbristus
742 2147 760 2189 e
814 2134 944 2206 gentibus
958 2134 1071 2192 leminis
1080 2153 1088 2206 3
1100 2137 1182 2194 adest
1197 2143 1225 2194 et
1237 2138 1322 2198 nobis
1341 2141 1403 2214 ejus

177 2204 297 2262 mortuis
327 2221 492 2278 resurgens,
525 2205 672 2276 iactusque
698 2205 760 2276 iam
813 2207 952 2264 absentia
963 2207 1160 2266 recordatione
1170 2209 1402 2270 salubritorcon-

177 2281 301 2334 aeternus
316 2282 344 2334 et
359 2274 539 2346 immortalis,
551 2276 658 2350 iniquis
670 2275 761 2334 bomi-
813 2277 944 2335 tristatis.
960 2277 1098 2351 Apparuit
1113 2283 1141 2338 et
1154 2283 1368 2344 resumentibus
1384 2301 1402 2344 a

176 2351 271 2418 nibus,
291 2351 350 2406 Deo
377 2349 509 2417 mortuis,
524 2357 551 2405 et
570 2365 588 2406 n
609 2349 677 2418 vite,
697 2365 760 2420 quoe
814 2355 1009 2420 monumento,
1025 2356 1055 2408 ut
1076 2349 1175 2423 agnita
1198 2355 1399 2416 Resurrectio·

176 2420 304 2478 Christus
318 2426 371 2490 est,
384 2420 535 2494 separatis,
550 2437 581 2479 se
598 2421 761 2478 manifesta·
814 2421 859 2479 uis
873 2422 978 2495 gaudia
993 2422 1197 2494 praedicarent3
1211 2425 1292 2487 adeat
1305 2435 1333 2487 et
1349 2446 1401 2488 no·

176 2499 229 2550 ret.
246 2492 311 2550 ldeo
332 2498 360 2550 at
378 2493 439 2567 ipse
458 2499 524 2550 onte
546 2494 655 2550 dixerat
673 2511 680 2549 ι
695 2493 761 2550 Ad·
815 2493 870 2564 bis,
886 2496 953 2550 dum
970 2495 1056 2565 bona,
1070 2511 1133 2568 quae
1153 2496 1290 2568 novimus,
1305 2501 1399 2574 prori-

177 2567 229 2620 bnn
244 2565 391 2633 modicum,
408 2571 434 2622 et
447 2567 576 2632 mundns,
589 2565 696 2622 scilicet
711 2565 761 2638 qni
816 2566 870 2624 mis
889 2566 1015 2624 fideliter
1036 2571 1210 2628 annuntiare
1232 2571 1400 2643 gaudemus.

178 1989 250 2046 libus
263 1995 329 2062 post
345 1988 592 2048 Resurrectionem
605 2005 686 2046 suam
701 1988 759 2046 Sal·

177 2069 305 2118 vaterem
325 2061 493 2134 apparuisse
508 2060 648 2134 legimus;
665 2075 759 2131 ireque

177 2636 263 2692 modo
277 2653 321 2694 me
335 2637 413 2695 riost
428 2636 518 2694 oculis
532 2637 708 2708 camisiam
720 2655 762 2694 me

177 2725 231 2764 non
241 2709 325 2766 uidet.
340 2712 395 2767 Vos
407 2717 497 2766 nutem
508 2711 609 2766 uidetis
619 2727 661 2766 me
672 2729 681 2766 e
694 2713 762 2782 quio

177 2797 224 2848 ego
239 2783 312 2844 nivo,
325 2787 351 2837 et
364 2797 412 2838 uos
424 2785 533 2838 vinctis.
548 2783 627 2840 Unde
642 2781 682 2838 sic
694 2780 763 2838 dicit

180 2854 346 2925 Theophilus
359 2872 396 2908 .·«
412 2855 451 2910 lie
464 2858 558 2910 cetero
572 2869 629 2910 non
643 2869 760 2911 conver·

178 2925 293 2982 sebatur
309 2923 446 2982 Dominus
464 2926 539 2982 inter
555 2925 679 2998 plebem,
696 2924 763 2996 quia

177 2995 284 3053 scilicet
297 3001 358 3070 post
376 2999 621 3054 Resurrectionem
637 3013 762 3054 conver-

178 3069 250 3126 satio
266 3069 327 3140 eJus
342 3085 399 3126 non
409 3075 471 3126 erat
485 3068 570 3140 digna
585 3069 760 3140 bominibus,

178 3141 226 3198 sed
238 3139 335 3197 divina
347 3140 451 3212 magis3
462 3141 538 3214 qnod
552 3139 638 3198 etlam
652 3149 694 3197 est
707 3142 761 3198 lor·

178 3229 224 3270 ma
234 3211 579 3281 Resurrectionisiuturae,
588 3211 762 3285 inquesicut

178 3283 279 3356 Angeli
297 3284 529 3342 conversabimur
544 3292 572 3342 et
586 3285 639 3341 lilii
656 3284 705 3342 Dei
722 3301 759 3341 :o

179 3358 240 3414 baec
256 3357 431 3428 Tbeopbitns.
453 3356 642 3413 manifestavit
664 3361 761 3414 autem

180 3445 210 3486 se
224 3426 370 3499 discipulis
395 3431 464 3499 suis,
486 3434 514 3485 ot
530 3429 593 3486 aliis
618 3429 761 3498 fidelibus,

180 3505 211 3558 ut
226 3499 305 3556 virus
318 3499 490 3559 videreture
504 3499 672 3559 viventibus.
683 3500 762 3558 Unde

181 3571 248 3628 dicit
258 3572 442 3641 Augustinus,
452 3573 527 3645 quod
541 3573 655 3646 quando
668 3587 762 3630 surre-

181 3643 230 3714 xit,
247 3649 360 3700 nonest
374 3644 450 3702 visus
466 3643 519 3701 nisi
536 3644 632 3702 asnis.
645 3645 723 3702 Unde
736 3648 765 3701 et

181 3715 211 3772 in
231 3715 347 3772 Actibus
367 3716 581 3788 Apostolorum:
599 3719 677 3773 tinne
693 3719 764 3773 Deus

182 3789 326 3844 omninno
341 3792 423 3844 tertio
437 3789 492 3853 dic,
506 3794 531 3843 et
542 3788 619 3844 dedit
631 3805 691 3844 eum
704 3805 764 3844 mo·

183 3861 313 3927 nitentum
325 3863 385 3929 peri
397 3877 449 3916 non
463 3862 540 3917 omni
551 3862 662 3932 populo,
671 3861 720 3916 sed
733 3865 765 3916 te·

183 3932 272 3987 stibus
287 3933 484 4003 preordinatis
503 3949 520 3987 a
539 3934 608 3999 Deo,-
625 3933 703 3988 nobis
718 3934 768 4002 qul

184 4003 410 4059 manducavimus
436 4009 461 4060 at
482 4003 599 4059 bibimus
621 4019 680 4059 cnm
705 4005 765 4068 iilo,

183 4081 330 4146 postquam
348 4079 536 4132 resuaneoito
559 4077 684 4132 monnio.
705 4075 768 4132 Fuit

184 4152 279 4203 autem
290 4146 461 4205 conveniens
469 4147 543 4220 quod
555 4163 611 4203 nnn
623 4147 766 4218 omnibus,

184 4217 234 4275 sed
244 4219 364 4274 testibus
378 4224 488 4277 tantum
502 4219 698 4292 preordinatis
711 4220 766 4276 lle·

182 4289 389 4347 surrectionem
395 4307 474 4348 suam
482 4290 766 4364 manifestaremus·

181 4361 258 4419 niam
274 4361 376 4420 infima
421 4379 453 4420 er
474 4362 568 4420 media
597 4362 708 4420 reducit
736 4363 767 4420 in

181 4449 324 4508 suprema,
340 4437 369 4492 et
386 4379 449 4493 iden
465 4434 608 4507 quosdam
624 4433 766 4493 mediato·

815 2637 955 2712 Apparuit
973 2638 1156 2698 infractione
1182 2643 1265 2714 panis
1280 2643 1334 2712 bis,
1351 2645 1398 2717 qui

817 2727 847 2769 se
863 2710 1048 2783 peregrinum
1062 2727 1124 2769 esse
1139 2719 1280 2786 putentes,
1297 2717 1333 2774 ad
1350 2718 1402 2775 bn·

817 2783 933 2856 spitium
958 2789 1146 2852 rocaverunt3
1158 2787 1237 2842 adest
1263 2791 1291 2844 et
1307 2787 1402 2858 uobis,

817 2871 881 2911 cum
901 2854 1061 2926 peregrinis
1080 2859 1109 2910 et
1123 2855 1301 2983 pauperibus
1320 2876 1403 2932 quae-

817 2940 938 2994 cumque
957 2941 1110 2998 possumus
1144 2942 1200 2983 ona
1215 2927 1340 2988 libenter
1352 2933 1404 2990 lm-

816 2997 968 3071 pendimus
978 3014 985 3064 ;
997 2996 1079 3054 adest
1088 3001 1117 3053 et
1129 2997 1212 3055 nobis
1224 2998 1254 3056 in
1266 3002 1404 3062 tinctione

816 3069 907 3143 panis,
939 3083 1002 3124 cnm
1035 3075 1244 3129 sacramentum
1271 3073 1404 3148 Corporis
1484 3105 1487 3112 ,

816 3138 1139 3285 {illutibilis}
1155 3142 1404 3292 “tullissit

816 3283 911 3360 paruit
928 3282 957 3340 in
975 3283 1071 3341 abdito
1088 3283 1124 3341 de
1139 3300 1191 3343 sua
1205 3287 1401 3347 Resurrectio·

817 3373 853 3414 ne
868 3355 1071 3428 loquentibus3
1090 3357 1171 3414 adest
1194 3362 1222 3415 et
1237 3359 1330 3431 nobis,
1353 3359 1401 3434 qui

817 3429 903 3486 modo
919 3429 981 3501 ejus
996 3430 1070 3485 donn
1085 3425 1161 3485 idem
1176 3427 1305 3502 agimus;
1319 3432 1401 3490 adest

817 3505 846 3559 et
861 3499 943 3558 nobis
964 3515 1086 3574 semper,
1107 3516 1171 3558 curn
1186 3503 1222 3559 ab
1237 3503 1401 3562 extrinsecis

819 3573 952 3644 operibus
962 3572 998 3630 ad
1009 3577 1121 3646 tempus
1132 3577 1273 3644 vacantes,
1290 3575 1324 3633 de
1339 3577 1401 3650 ejus

820 3643 912 3718 gratie
938 3643 1059 3700 locuturi
1085 3645 1279 3703 convenimus.
1305 3647 1404 3724 Appa-

819 3717 887 3786 ruit,
904 3731 980 3786 cum,
996 3715 1105 3773 loribus
1119 3716 1231 3778 clausis.
1249 3715 1334 3790 intus,
1353 3723 1405 3778 lu·

821 3789 948 3844 daeorum
978 3793 1056 3844 metu
1075 3785 1254 3858 residerent,
1272 3791 1408 3866 apparuit

822 3875 896 3927 cum,
911 3857 1054 3915 minorato
1073 3859 1174 3916 codem
1197 3867 1284 3928 metu,
1300 3861 1407 3937 apertis

822 3945 887 3988 eum
901 3929 1047 4004 gressibus
1058 3929 1087 3988 in
1099 3931 1202 3988 montis
1214 3933 1319 3992 vertice
1332 3951 1408 4009 quae·

822 4008 919 4059 rerent
929 4018 936 4070 3
946 4001 1180 4074 alluitquondam
1195 4007 1407 4064 confortaturus

822 4090 875 4130 suo
891 4073 996 4148 Spiritu
1014 4075 1179 4146 Ecclesiam,
1200 4094 1264 4134 cum
1280 4079 1316 4136 ab
1340 4077 1407 4135 infi-

823 4145 934 4202 delibus
956 4153 1145 4219 premeretur,
1159 4153 1188 4206 et
1206 4149 1243 4206 ad
1261 4148 1407 4221 publicum

822 4216 932 4288 venire,
944 4234 978 4276 ac
992 4217 1112 4277 dilatare
1125 4220 1344 4294 prohiberetur,
1358 4221 1407 4278 ad-

823 4293 865 4347 est
883 4289 975 4347 eidem
989 4297 1018 4348 et
1035 4308 1122 4361 nunc,
1140 4308 1203 4349 cum
1219 4290 1354 4350 inclinato
1369 4293 1407 4350 ad

822 4361 910 4420 iidem
924 4361 1049 4420 culmine
1068 4363 1169 4436 regali,
1189 4367 1283 4420 terror
1300 4361 1406 4436 quierit

822 4433 1040 4508 persecutionis,
1055 4438 1084 4491 et
1098 4433 1192 4493 omnis
1202 4431 1301 4492 mundi
1318 4433 1407 4494 subli-
