3036 5042
210 363 240 416 ts
569 361 725 412 stetinum·
754 360 872 412 t‘ttttts
900 358 1004 412 citior
1031 359 1075 411 tx

216 464 601 540 poeniteotiaelocus,etidco
635 465 800 539 oivoltpec-

214 545 276 595 cata
293 540 393 603 vitare,
408 541 437 592 et
452 535 528 592 mala
543 483 687 607 quaeiecn
700 553 799 594 emen·

214 611 295 678 dare,
310 609 396 665 debet
412 606 509 676 egredi
526 609 560 663 de
574 608 649 664 mala
664 607 799 665 societate

217 682 296 738 Unda
310 680 467 737 Bernartius
483 696 490 734 :
508 701 522 730 ii
539 680 731 736 Periculosum
759 685 801 736 est

216 755 309 820 valde,
321 755 342 808 si
357 751 421 821 quis
433 749 499 806 velit
513 749 589 807 inter
603 752 699 808 turbas
713 751 800 808 seculi
819 769 821 774 ·

216 822 412 898 poenitentiam
428 837 523 893 agere,
539 822 585 879 obi
600 840 606 877 :
622 821 801 879 inimicorum

216 895 264 952 alii
278 893 675 976 venenatispersuasionibus,
688 895 735 950 alii
747 911 799 951 un-

216 967 302 1038 dique
315 966 450 1034 exemplis
464 965 609 1037 pejoribus
627 965 663 1022 ad
679 981 801 1038 peccau-

218 1039 286 1095 dum
305 1037 443 1105 alliciunt,
468 1035 515 1092 alii
540 1037 754 1094 adulationibus
773 1039 801 1093 in

215 1126 317 1166 ranam
333 1110 444 1180 goriam
468 1109 599 1176 trahunt,
621 1107 672 1164 alii
701 1111 801 1164 detra·

219 1179 389 1239 ctionibusin
399 1179 607 1251 impatientiam
616 1179 771 1251 deiicient:
786 1201 799 1231 ii

214 1255 276 1312 ltaec
300 1253 469 1310 Beruordtrs.

258 1349 267 1383 1
304 1326 412 1380 Pnrnus
422 1341 451 1379 in
462 1341 631 1380 adnitentis
646 1340 801 1380 immunes.

219 1429 254 1439 —
270 1348 384 1453 imitare
397 1411 464 1464 ergo
483 1398 608 1464 Petrum,
632 1395 680 1466 qui
701 1395 802 1451 volun·

220 1475 287 1536 tate,
303 1467 447 1524 verbovel
476 1467 549 1522 lacto
573 1466 732 1538 procaciter
753 1483 803 1522 ne-

220 1539 292 1613 gasti
308 1537 448 1595 Christum
460 1553 514 1610 pro
528 1540 803 1610 repersuiiitogno-

219 1611 272 1670 scit
281 1613 381 1668 Petrus
391 1615 501 1666 reatum
513 1625 606 1678 suum,
618 1609 694 1665 dolet
707 1615 803 1682 etpoe·

219 1683 300 1748 nitet,
318 1682 462 1752 egreditur
478 1681 565 1748 toras,
587 1679 721 1751 relinquit
736 1697 803 1736 cun-

219 1753 317 1812 eilium
337 1749 563 1822 malignantium,
579 1759 608 1807 et
625 1752 718 1807 locum
734 1751 805 1824 petit

219 1829 361 1882 secretum
377 1821 543 1894 lacrymiset
553 1821 804 1893 poenitentiaeami·

221 1893 803 1967 cum3lletamare‚certissimeintelligens

222 1967 299 2041 quia,
309 1965 481 2023 sacrificium
491 1968 549 2022 Deo
558 1971 600 2022 est
613 1965 729 2038 spiritus
738 1983 804 2023 con-

221 2039 383 2098 tribulatus.
401 2045 430 2094 et
442 2037 518 2109 quod
535 2053 584 2094 cor
598 2037 754 2095 contritum
778 2044 806 2094 et

222 2109 403 2170 humiliatum
427 2111 501 2167 Deus
529 2126 585 2168 non
614 2108 742 2182 despicit.
765 2113 806 2166 Tu

222 2200 338 2256 quoqne
371 2198 568 2240 rememorans
589 2181 749 2238 Passionem
767 2181 807 2238 di-

222 2253 369 2314 lectissimi
386 2253 523 2326 Magistri,
533 2260 672 2326 tuumque
683 2259 805 2321 reatum,

223 2329 301 2386 toras
312 2342 375 2383 com
389 2329 471 2382 Petro
481 2325 629 2396 egredere,
644 2331 673 2382 ut
686 2325 806 2397 teipsum

223 2399 329 2456 detleas
343 2395 533 2464 amarissime,
548 2395 572 2452 si
588 2398 701 2467 quando
717 2406 743 2454 te
759 2413 806 2454 re·

225 2469 337 2542 spiciat,
353 2466 400 2538 qui
415 2469 530 2523 Petrum
547 2469 750 2539 lacrymantem
765 2485 807 2524 re-

225 2559 238 2597 s
259 2539 324 2597 exit.
347 2537 397 2594 llic
412 2543 456 2595 est
469 2553 538 2620 ergo
554 2538 727 2610 poenitentiae
740 2555 807 2596 mo-

249 2628 290 2668 os.
305 2613 426 2667 Peccasti
440 2627 448 2665 ι
463 2609 704 2680 quiesce,dole‚et
721 2611 807 2684 lacry-

225 2699 314 2748 mare,
331 2686 360 2738 et
373 2680 450 2736 disce
471 2695 535 2736 rum
550 2682 633 2737 Petro
648 2683 718 2739 llere
732 2699 808 2739 ama-

224 2771 272 2823 re;
286 2759 314 2808 ct
328 2753 351 2810 si
366 2752 408 2808 vis
425 2753 526 2808 mereri
541 2753 664 2822 reniam,
679 2752 756 2811 dilue
771 2755 809 2810 la·

226 2825 330 2899 crymis
342 2823 385 2880 cul
390 2839 454 2896 pam
460 2830 549 2880 tuam.
559 2823 686 2882 Geminae
698 2841 809 2897 quoque

227 2896 471 2964 murmurationis,
496 2893 603 2952 scilicet
631 2896 809 2954 contritionis

225 2975 327 3053 prote,
343 2971 371 3024 et
387 2966 588 3039 compassionis
603 2969 639 3026 ad
655 2969 807 3031 Christum,

224 3041 375 3098 inebrieris
397 3039 541 3102 absintho,
554 3044 585 3096 iit
599 3039 728 3111 expiatos
741 3056 805 3096 cum

227 3114 312 3170 Petro
327 3117 438 3168 areatu
451 3109 575 3180 sceleris,
593 3112 730 3183 replearis
745 3128 809 3168 cum

227 3187 311 3242 Petro
326 3183 434 3267 Spiritu
459 3183 626 3241 sanctitatis,
649 3183 730 3241 Circa
756 3183 810 3240 hoc

227 3263 321 3315 autem
335 3272 375 3313 stc
390 3255 458 3312 dicit
470 3255 632 3312 Ambrosius
647 3273 653 3312 :
672 3277 686 3308 η
702 3257 741 3312 De
756 3256 809 3312 Pe·

227 3335 272 3387 tro
290 3345 346 3386 non
364 3327 478 3384 invenio
499 3327 566 3398 quid
583 3327 705 3396 dixerit;
726 3329 811 3382 inve-

228 3403 275 3457 nio
295 3399 372 3472 quod
390 3397 557 3470 llevit,·ejus
578 3399 717 3470 lacrymas
736 3398 809 3470 lego,

227 3470 449 3529 satisl'actionem
462 3481 518 3525 non
532 3471 594 3540 lego
607 3487 614 3525 ε
625 3486 658 3526 ex
669 3485 725 3540 quo
735 3469 811 3526 ride·

226 3539 570 3614 tuc,qoodtantaluitrJ'us
579 3540 723 3609 contritio,
735 3541 810 3612 quod

228 3611 389 3671 sufficiehat
407 3627 458 3683 pro
475 3610 561 3683 ipsios
577 3610 777 3668 satisfactione.
794 3633 809 3664 ii

230 3687 309 3742 Uniie
325 3691 353 3740 et
366 3685 418 3740 Leo
434 3684 531 3754 Papa:
553 3702 567 3734 ‹i
582 3682 698 3748 Felices,
711 3703 726 3738 o
741 3686 813 3755 itpo·

229 3757 312 3824 stole,
332 3755 465 3828 lacrymae
487 3759 554 3824 tuae,
570 3771 632 3838 quae
647 3755 684 3812 ad
699 3753 811 3813 diluen-

229 3828 294 3885 dam
310 3827 421 3899 culpam
439 3831 610 3898 negationis,
626 3829 760 3884 virtutem
773 3844 813 3884 sa·

229 3899 271 3956 cri
288 3900 413 3956 haliucre
433 3898 625 3970 Baptismatis.
647 3920 661 3950 s
679 3899 746 3956 lnde
769 3902 812 3955 est

230 3977 430 4042 argumentum
459 3971 535 4040 quod
563 3969 696 4026 contritio
720 3975 813 4043 potest

228 4057 291 4100 esse
304 4047 395 4106 tanta,
416 4041 493 4113 quod
510 4041 592 4099 tollat
618 4057 731 4098 omnem
752 4057 812 4115 poe-

230 4129 308 4172 nam,
321 4113 352 4168 Et
364 4111 408 4168 liic
419 4121 483 4169 nota
496 4113 625 4169 ordinem
639 4111 812 4181 poenitentia

233 4183 326 4243 Petri:
340 4182 432 4256 primo
443 4185 537 4254 pullus
549 4187 673 4240 cantauit
687 4202 694 4250 ;
711 4183 814 4241 deinde

230 4259 362 4316 Dominus
379 4256 744 4328 Petruiiirrrpertt31ertio,
762 4260 813 4312 l’c·

230 4335 293 4388 trus
306 4331 369 4400 fiere
385 4331 482 4401 copttr
498 4334 524 4386 ct
547 4338 614 4385 tunc
628 4343 751 4398 opressus
764 4330 814 4396 so-

852 481 910 534 ros,
922 467 996 534 sterit
1011 480 1114 521 amore.
1131 465 1176 522 Sic
1190 465 1274 522 hodie
1289 466 1324 522 nt
1339 482 1347 522 :
1364 481 1437 532 nam,

853 537 1011 594 secundom
1021 537 1193 606 (troparium,
1206 543 1274 594 tunc
1287 537 1373 595 nobis
1387 539 1439 608 gal-

854 609 897 665 lus
911 613 1017 676 cantat,
1033 608 1149 680 quando
1192 608 1345 666 raedicator
1364 609 1438 682 quis-

855 695 910 752 que
927 679 1014 736 corda
1029 683 1156 736 nostrast
1192 691 1439 752 compunctionem

855 751 976 820 excitat;
990 751 1040 807 sed
1056 757 1156 808 cantus
1172 750 1240 822 galli
1252 767 1309 808 non
1325 752 1439 820 sufficit,

857 821 910 878 nisi
929 824 1063 879 [lominus
1083 824 1165 878 oculo
1182 822 1298 894 pietatis
1312 833 1442 895 peccato·

855 909 917 950 rem
932 893 1075 964 respiciat,
1098 897 1165 966 qnia
1179 900 1295 966 oportet
1307 902 1341 952 ut
1357 895 1441 952 miser

856 964 886 1021 in
902 964 1027 1022 tenebris
1037 971 1216 1037 permaneat,
1227 966 1367 1038 quamdiu
1378 983 1440 1024 eom

857 1038 902 1093 lux
916 1037 1012 1093 mundi
1026 1053 1082 1093 non
1092 1037 1254 1106 illuminat,
1268 1043 1338 1094 tunc
1348 1046 1441 1095 antem

855 1108 952 1176 tertio,
969 1108 1126 1164 secundum
1142 1109 1315 1178 (troparium,
1345 1109 1441 1180 incipi·

857 1195 919 1236 mus
932 1181 1011 1244 llere,
1026 1180 1140 1252 quando
1156 1179 1283 1250 ignimur
1299 1183 1381 1238 intus
1395 1198 1442 1253 per

856 1250 1008 1307 scintillam
1028 1249 1223 1318 conscientias,
1242 1259 1269 1308 et
1291 1258 1362 1309 tuno
1377 1251 1443 1310 toi-is

857 1321 976 1391 eximus,
993 1338 1056 1378 cum
1067 1329 1147 1380 entra
1159 1323 1235 1395 quod
1247 1323 1356 1382 inimus
1369 1341 1443 1397 egre-

857 1394 961 1450 dimur.
979 1393 1058 1450 Unde
1071 1393 1112 1450 ait
1129 1395 1221 1451 Beda:
1237 1415 1252 1449 ri
1267 1396 1385 1462 Petrus,
1398 1395 1443 1468 qui

858 1465 952 1522 media
966 1471 1049 1521 nocte
1062 1465 1186 1538 negavit,
1199 1467 1236 1524 ad
1248 1467 1316 1536 galli
1328 1475 1444 1525 cantum

858 1536 1004 1610 ptenitnit;
1021 1541 1047 1592 ct
1063 1537 1139 1608 quod
1157 1540 1186 1594 iti
1202 1539 1329 1596 tenebris
1345 1539 1444 1597 obliti·

858 1611 922 1666 onis
934 1607 1051 1676 errarit,
1064 1616 1185 1681 sperata
1196 1611 1257 1682 jam
1269 1610 1342 1668 lucis
1359 1627 1446 1668 reme

858 1679 1018 1737 moratione
1030 1685 1163 1736 correxit.
1174 1683 1254 1738 llunc
1266 1687 1376 1808 opinor
1388 1684 1444 1754 gat·

859 1751 917 1808 lum
928 1750 1051 1824 aliquem
1060 1752 1206 1810 doctorem
1215 1753 1283 1810 intel
1297 1753 1445 1826 igenrium,

858 1825 906 1896 qut
927 1839 979 1879 nos
997 1824 1127 1893 jacentes
1142 1823 1254 1893 excitat,
1280 1831 1309 1880 et
1325 1842 1445 1894 somno-

860 1895 951 1950 lentos
964 1897 1103 1977 increpat,
1116 1897 1155 1951 sic
1170 1897 1268 1954 dicens
1281 1913 1289 1954 :
1308 1897 1446 1968 Evigilate

857 1965 939 2038 justi,
950 1971 979 2022 et
994 1965 1082 2023 nolite
1097 1982 1236 2039 peccare:
1252 1991 1264 2016 ι
1282 1967 1346 2024 haec
1363 1969 1445 2026 Beda.

861 2037 961 2108 Cogita
977 2053 1050 2094 onoc
1064 2038 1187 2110 qualiter
1202 2040 1305 2096 Petrus
1316 2055 1374 2112 pro
1390 2042 1446 2098 Do-

862 2107 939 2165 mino
951 2125 1012 2180 suo,
1027 2117 1055 2165 et
1070 2126 1119 2179 pro
1135 2117 1251 2182 peccato
1264 2127 1317 2167 sno
1331 2112 1447 2184 plange·

861 2181 933 2248 bat;
955 2186 984 2236 et
1008 2181 1152 2254 quomodo
1177 2181 1447 2254 recogitabat-bona

861 2267 924 2323 quae
937 2254 992 2309 stbi
1007 2254 1143 2310 [lominus
1156 2253 1272 2322 iecerat,
1282 2259 1311 2310 et
1321 2255 1445 2326 qualiter

860 2322 920 2396 ipse
944 2339 1010 2380 eum
1038 2329 1202 2396 negaverat.
1221 2325 1363 2382 Dominus
1386 2325 1446 2398 qni-

861 2399 926 2451 item
940 2393 1043 2452 intuitu
1055 2412 1107 2452 suo
1119 2395 1260 2468 spirituali
1281 2399 1447 2468 provocarit

862 2467 976 2524 Petrum
986 2467 1023 2523 ad
1034 2467 1181 2550 lacrymas.
1193 2469 1375 2536 Necmirum,
1386 2485 1448 2526 ocu-

861 2537 882 2594 li
896 2537 972 2598 euim
989 2541 1099 2596 Domini
1124 2539 1199 2596 velut
1216 2541 1332 2596 ltamma
1351 2540 1446 2614 ignis;

864 2609 938 2666 Petri
962 2626 1029 2667 vero
1043 2609 1118 2668 ocuti
1135 2619 1164 2668 ut
1178 2611 1284 2683 glacies
1298 2619 1384 2668 erant
1399 2629 1407 2668 ι
1422 2618 1448 2668 et

862 2681 927 2738 ideo
940 2679 1046 2738 intuitu
1060 2699 1111 2740 suo
1124 2683 1302 2740 resolverunt
1316 2684 1383 2740 illos
1397 2683 1447 2740 sic·

863 2763 896 2810 ut
911 2751 985 2824 ignis
999 2753 1119 2822 glaciem
1134 2755 1277 2811 resolvere
1291 2755 1382 2824 solet,
1399 2771 1448 2811 nec

865 2829 976 2896 poterat
985 2824 1012 2881 in
1023 2825 1184 2892 negationis
1194 2827 1322 2883 tenebris
1334 2842 1447 2898 perma-

865 2912 943 2966 nere,
967 2912 1051 2968 quem
1076 2897 1122 2953 lux
1147 2897 1243 2954 mundi
1272 2898 1447 2970 respexittt
1501 2901 1502 2952 ἶ

865 2967 939 3025 beati
955 2967 1028 3025 ocuti
1044 2967 1095 3036 titi,
1116 2969 1235 3025 Domine
1251 2971 1329 3038 Jesu,
1350 2970 1401 3042 qui
1413 2973 1448 3024 itti
1501 3013 1502 3032 ,

864 3039 1035 3096 caletaciunt
1054 3055 1104 3096 cor
1121 3039 1268 3111 trigidum,
1287 3046 1315 3098 et
1339 3057 1447 3098 accen·
1501 3057 1502 3074 ¹

865 3110 970 3167 duntin
981 3127 1109 3168 amorem
1124 3117 1217 3176 tuom,
1233 3117 1262 3169 et
1274 3111 1447 3181 illuminant,
1501 3139 1502 3156 i

866 3189 896 3238 tit
914 3181 1006 3240 rideat
1022 3183 1108 3239 homo
1135 3184 1298 3241 Creatorem
1317 3189 1347 3241 et
1374 3201 1449 3242 erro-

865 3269 926 3310 rem
938 3269 1020 3310 suum
1034 3254 1079 3312 to
1109 3270 1195 3326 quam
1214 3255 1269 3312 cito
1286 3255 1449 3329 gelicidium

866 3325 987 3396 pectoris
1005 3325 1200 3397 liquefaciunt,
1215 3332 1244 3384 et
1262 3325 1292 3383 in
1307 3343 1399 3400 aquas
1414 3344 1449 3384 a·

867 3395 1448 3456 marituiiinisetdevotionisconvertuntt

867 3469 946 3525 Unde
961 3467 1001 3525 ait
1017 3471 1185 3526 anselmus:
1205 3491 1219 3522 ii
1235 3473 1349 3527 intuere
1363 3485 1449 3542 quam

866 3539 1450 3613 piisocults,quammisericordam-,quam

866 3611 1020 3669 efficaciter
1042 3619 1125 3670 tertio
1150 3619 1302 3685 negantem
1327 3613 1451 3686 respexit

867 3686 994 3752 Petrum,
1010 3683 1356 3756 qnandoilleconrarsos,
1371 3691 1401 3742 et
1422 3684 1451 3741 in

867 3771 898 3812 se
911 3771 1051 3824 reversos,
1063 3755 1253 3812 iteritamare.
1264 3756 1388 3824 Utinam,
1405 3758 1451 3813 bo

868 3828 989 3894 nelesu,
999 3835 1063 3883 tuiis
1075 3827 1218 3884 medutcis
1231 3827 1366 3900 respiciat
1383 3844 1449 3884 ocu·

868 3897 1451 3972 lus,quitotiesadvocemancilleeproca-

868 3967 1135 4040 cis,carnisscilicet
1148 3986 1229 4039 meae,
1249 3969 1344 4042 pravis
1363 3969 1451 4043 operi·

868 4042 920 4098 bus
939 4041 1145 4114 affectibusque
1164 4047 1193 4099 te
1212 4040 1330 4112 negavit
1355 4062 1369 4093 ir
1391 4045 1449 4099 liceo

868 4114 1023 4170 ducaturus.

905 4205 938 4242 ao
966 4185 1036 4253 Quin
1062 4202 1216 4244 uontmrsa
1243 4203 1378 4244 siontntm
1403 4203 1451 4242 rsa

868 4273 997 4314 ancianis
1012 4275 1210 4328 tristissime,
1230 4277 1264 4316 aa
1279 4275 1389 4323 ouonmc
1407 4276 1451 4314 io·

868 4346 919 4386 ceu
935 4330 1041 4386 Passus
1051 4331 1338 4390 Canisrmisaonvtr?
1353 4332 1450 4386 -ltlo
