3124 5038
306 424 635 486 tibullulluuolltlus
664 427 777 482 iulii.
808 426 935 489 pisctu,
965 426 1076 478 illotis
1104 423 1263 480 lusulilt.
1349 419 1397 474 tii

170 532 279 590 diceret
295 549 301 588 :
322 533 397 588 Bene
417 529 526 588 debetis
541 532 667 600 credere,
683 551 757 604 quo-

168 608 246 661 nium
271 607 311 660 sie
337 606 470 674 scriptum
493 608 533 658 est
554 602 626 660 sicul
649 605 754 670 evenit,

169 676 249 733 etsie
263 675 381 747 contigit
390 674 462 731 sicul
471 673 606 748 scriplum
617 681 669 732 cst.
678 678 756 734 Unde

170 747 302 804 subditur
322 765 328 805 ε
350 750 385 804 Et
404 749 444 802 sic
462 747 603 817 oportebat
618 749 756 805 Christum

167 822 242 891 pati,
254 819 362 875 scilicet
375 832 427 889 per
440 817 548 888 lignum
563 818 665 888 crucis,
679 825 705 876 et
715 837 755 876 re·

169 905 283 957 surgere
297 893 547 957 emarcescente
560 890 615 946 die.
630 893 664 947 Ut
679 894 755 948 euim

170 961 240 1018 dicit
253 962 339 1030 Beda,
366 959 536 1032 perdidisset
550 961 679 1018 Christus
697 963 754 1019 lru-

169 1037 247 1089 ctum
263 1031 417 1100 Passionis,
434 1032 457 1088 si
484 1049 541 1088 nnn
560 1040 635 1090 esset
652 1034 756 1091 veritas

172 1101 410 1172 Resurrectionis,
424 1105 574 1175 oportebat
587 1117 682 1162 autem
698 1123 755 1162 iiou

172 1175 286 1247 quidem
302 1191 353 1248 pro
369 1191 410 1244 se,
426 1175 474 1231 sed
488 1191 540 1248 pro
556 1177 648 1245 nobis,
661 1183 691 1234 ut
706 1193 757 1248 por

172 1261 253 1302 snam
268 1246 424 1304 indebitam
441 1246 616 1314 Passionem,
629 1264 646 1304 a
660 1249 756 1306 dooiia

170 1334 255 1391 pinno
270 1334 320 1374 nos
336 1318 479 1387 liberaret,
494 1325 523 1375 et
533 1335 585 1391 per
597 1336 677 1376 snam
693 1337 755 1378 sau·

171 1401 246 1447 ctam
266 1389 522 1460 Resurrectionem,
540 1407 695 1448 uossecum
710 1409 755 1448 re·

169 1467 308 1590 gualuros
335 1462 599 1532 ostenderimus
624 1463 695 1520 sicut
716 1466 756 1520 ait

194 1534 322 1605 postolus
340 1550 347 1588 τ
364 1537 488 1590 Mortuus
503 1539 543 1589 est
562 1535 686 1591 doristus
704 1553 756 1607 pro

168 1607 415 1686 peccatisnostris,
431 1613 458 1661 et
473 1606 626 1662 resurrexit
640 1613 757 1678 propter

167 1675 401 1748 justificationem
420 1680 557 1733 nostruin.
574 1678 690 1749 Aperuit
701 1679 756 1734 illis

172 1747 345 1820 Scripturas;
355 1753 420 1803 tunc
429 1747 506 1804 euim
516 1749 613 1818 dgnus
626 1748 673 1820 qui
685 1749 757 1806 occl-

172 1833 221 1875 sus
231 1825 282 1880 est,
291 1817 436 1890 judicatos
447 1825 561 1876 estesse
576 1819 757 1891 diguusacci-

170 1905 240 1962 pere
255 1890 370 1950 librum.
387 1896 415 1947 et
430 1907 481 1974 per
497 1891 631 1962 Spiritum
644 1894 758 1949 deitatis

172 1961 286 2032 aperire
297 1969 404 2034 septem
416 1962 561 2034 signacula
572 1964 643 2035 ejus,
652 1963 704 2019 lioc
714 1969 757 2020 est

172 2033 758 2106 quecumquescriptasuotdesacramen·

173 2105 210 2161 tis
222 2105 437 2173 iucarnationis,
454 2106 643 2176 Baptismus,
653 2107 756 2178 praedi-

171 2174 295 2233 cationis
307 2183 336 2232 et
351 2177 525 2249 operationis
539 2176 637 2247 ipsius,
652 2180 758 2234 acPus-

172 2247 270 2312 sionis,
288 2248 525 2316 insurrectionis,
536 2257 565 2306 et
577 2249 758 2306 ascensionis

172 2320 245 2391 ejus.
259 2321 295 2375 Ex
312 2321 365 2376 lioc
376 2325 469 2376 autem
481 2325 568 2392 patet,
599 2321 653 2376 uod
665 2323 757 2378 Sacrae

171 2389 324 2461 Scripturas
337 2407 394 2448 uon
408 2397 525 2462 possum
535 2335 708 2448 sufficienter
718 2392 758 2448 iii·

170 2459 271 2535 telligi,
288 2462 342 2519 nisi
362 2461 410 2519 ille
424 2463 544 2534 aperiat,
559 2462 618 2534 qui,
640 2469 669 2520 ul
686 2464 757 2520 scri·

174 2534 255 2590 bitur
281 2533 309 2590 iii
337 2533 515 2606 Apocalypsi,
542 2535 628 2591 habet
651 2536 758 2592 clavem

174 2605 276 2675 David,
291 2605 338 2678 qni
353 2609 444 2678 aperit
459 2613 488 2661 et
502 2621 586 2662 nemo
599 2605 705 2663 claudit

211 2699 239 2732 ii
258 2678 363 2734 Curiis
385 2679 564 2734 lanosoxixii
580 2694 757 2736 currxsvxu-

172 2764 247 2805 ercii
263 2749 450 2805 rnauicirioi
469 2781 501 2790 -
519 2751 551 2804 Et
566 2765 617 2806 cur
631 2765 683 2822 pro
705 2767 757 2808 no-

173 2819 227 2890 bis,
245 2826 275 2876 ut
290 2819 461 2889 dictumest,
476 2819 549 2877 mori
566 2826 593 2876 et
607 2837 757 2892 resurgere

172 2891 272 2962 voluit,
289 2891 497 2960 manifestatur,
517 2907 581 2948 cuni
601 2893 755 2950 subditur:

171 2967 208 3022 Et
226 2964 417 3034 praedicarim
430 2967 539 3020 nomine
554 2965 613 3032 eius
629 2969 759 3034 proniori-

173 3038 253 3102 tx'um,
280 3034 388 3092 scilicet
417 3051 449 3092 ex
469 3041 547 3105 parte
571 3033 714 3104 bominis;
733 3042 759 3093 et

175 3110 361 3163 remissionem
382 3113 565 3178 peccatorum,
593 3107 699 3162 scilicet
726 3124 757 3164 ex

176 3186 257 3250 parte
280 3176 340 3246 Uei,
366 3178 445 3260 cujus
472 3177 560 3234 solius
579 3182 622 3234 est
643 3184 759 3252 peccata

176 3249 322 3306 remittere
332 3249 542 3318 homiuibus,in
551 3265 642 3306 omues
655 3257 757 3323 gentes,

176 3335 234 3377 non
249 3319 350 3377 inune
364 3327 474 3378 tantuin
489 3321 757 3394 geotelodaeorum,

175 3393 219 3448 rel
235 3391 266 3448 in
286 3407 342 3449 une
357 3399 437 3464 parte
452 3401 606 3461 terrarum,
622 3396 689 3465 quia
704 3411 759 3450 non

173 3467 213 3520 est
229 3478 411 3535 personarum
429 3470 553 3536 acceptor
575 3467 655 3521 Deos.
674 3466 757 3522 Com-

173 3535 309 3592 mendata
321 3533 409 3607 igitur
427 3535 470 3592 sui
486 3535 613 3608 corporis
628 3535 758 3607 veritate,

174 3606 366 3676 commendat,
382 3609 414 3664 ut
429 3607 489 3678 jem
504 3607 611 3664 dictum
626 3613 679 3676 est,
700 3607 760 3665 uui·

175 3681 263 3734 tatem
281 3676 430 3746 Ecclesiam
448 3677 526 3750 quia,
540 3681 572 3734 ut
588 3677 655 3734 dicit
670 3681 760 3735 Tteo-

172 3751 280 3821 philus,
296 3765 353 3806 uon
367 3749 497 3821 placebat
508 3749 629 3820 amplius
643 3750 759 3822 biparti-

176 3825 237 3876 tum
254 3837 317 3876 esse
332 3821 488 3877 humanum
504 3835 593 3904 genus
606 3819 635 3876 iii
647 3823 760 3878 ludaeos

69 3937 73 3948 .
174 3897 201 3948 et
218 3891 423 3948 indentitas
438 3891 605 3964 penitentia
618 3907 696 3963 ergo,
709 3893 760 3948 sic·

176 3967 206 4018 ut
218 3971 247 4020 et
258 3961 373 4032 Christi,
386 3966 426 4019 sic
441 3963 661 4045 etpraecursoris
676 3971 760 4035 atque

174 4033 760 4118 Apostolorumincoepitpcaedicatio,etue

174 4103 277 4176 aliquis
293 4114 410 4177 propter
422 4105 646 4177 magnitudinem
663 4123 759 4175 pecca-

175 4181 269 4232 torum
289 4177 454 4248 desperaret
473 4179 507 4234 de
528 4177 623 4246 venia,
643 4179 760 4248 subjun-

175 4251 251 4304 clum
261 4253 314 4316 est,
329 4250 525 4318 incipientibus
533 4250 568 4304 ob
577 4251 758 4321 ierosolyma.

174 4319 332 4376 Jerusalem
352 4319 428 4375 euim
447 4326 491 4376 cst
513 4319 542 4376 iu
566 4319 660 4376 medio
676 4327 759 4376 terrae

176 4389 350 4460 habitabilis,
367 4395 395 4446 et
421 4389 485 4448 ideo
506 4391 709 4450 convenienter
723 4393 759 4448 ab

812 533 860 591 illa
883 531 989 603 incepit
1004 530 1166 602 predicatio
1195 527 1347 600 Evangelii,
1365 530 1394 584 et

814 621 863 675 per
877 603 979 662 Christi
996 602 1149 676 discipulos
1172 601 1336 673 circumque
1347 615 1393 668 iiie

811 693 862 748 per
881 677 979 733 orbem
1000 675 1143 746 dispersos
1161 673 1190 730 iu
1206 688 1319 730 omnem
1339 677 1395 728 ter-

810 744 1391 819 ram,eiiresoniispraedicationiseorum.

813 821 890 877 Unde
912 819 984 876 'dicit
1003 820 1178 890 Theophilus,
1193 819 1266 888 quod
1282 814 1346 870 iileo
1364 819 1395 872 ut

811 907 910 948 omues
919 891 1049 946 nominos
1060 891 1088 946 lii
1098 904 1184 947 unum
1198 885 1303 955 uniret,
1315 901 1392 941 maii·

810 963 886 1019 davit
909 961 1053 1034 discipulis
1082 959 1207 1030 incipere
1233 973 1394 1039 sermonem

810 1037 846 1092 ab
859 1034 1027 1097 Jerusalem,
1040 1040 1068 1090 et
1076 1033 1112 1090 ab
1121 1033 1225 1089 Gentes
1236 1037 1392 1086 terminari.

810 1109 905 1163 Nullus
920 1122 989 1177 ergo
1007 1121 1063 1174 prae
1083 1103 1277 1176 magnitudine
1293 1115 1394 1172 pecca·

809 1185 904 1234 torum
920 1193 1034 1236 suorum
1053 1175 1251 1233 remissionom
1267 1189 1297 1229 se
1311 1187 1393 1244 posse

809 1249 944 1321 consequi
957 1250 1097 1320 depecet,
1111 1249 1225 1320 qiianilo
1238 1247 1305 1317 ipsis
1314 1247 1394 1326 lero·

809 1321 945 1392 solpmuis
959 1318 1262 1390 cognoscitindnltum,
1274 1331 1320 1444 fini
1332 1331 1395 1398 cru·

810 1395 883 1450 entis
908 1392 1048 1458 manibus,
1072 1407 1183 1448 necnon
1210 1405 1273 1445 men
1296 1389 1393 1444 acibus

809 1464 1039 1535 roribus,ipsum
1054 1465 1233 1526 sanguinem,
1251 1473 1392 1530 peronem
1484 1521 1489 1530 ,

829 1551 903 1592 enus
919 1539 1075 1592 numanum
1093 1535 1272 1604 redemptum
1288 1534 1341 1592 est,
1358 1529 1397 1585 el·

809 1553 951 1664 fuderunt.
979 1606 1066 1674 Unde,
1097 1607 1251 1661 secuudum
1282 1603 1395 1670 Uectem,

810 1678 951 1748 incipiunt
963 1677 999 1734 ab
1015 1677 1203 1748 ierosolyma,
1226 1689 1282 1730 uon
1304 1672 1396 1729 solum

811 1751 878 1822 quia
890 1751 995 1806 eredita
1014 1755 1078 1804 sunt
1093 1751 1151 1803 illis
1165 1749 1274 1816 etoquia
1290 1747 1350 1800 Uei.
1369 1749 1397 1799 et

811 1838 910 1878 corum
925 1819 1039 1894 adoptio
1052 1819 1176 1876 illiorum
1191 1823 1220 1874 et
1233 1817 1338 1888 gloria:
1350 1830 1397 1870 re·

810 1895 962 1950 rumetiam
979 1897 1009 1949 ul
1031 1893 1134 1948 Gentes
1153 1888 1237 1946 variis
1251 1887 1398 1944 erroribus

811 1964 962 2036 implicatae
978 1965 1032 2020 lioc
1043 1963 1163 2019 maxime
1177 1959 1283 2016 indicio
1296 1958 1398 2014 divinae

812 2035 926 2108 pietatis
945 2035 982 2092 ad
1000 2051 1077 2105 spem
1095 2033 1184 2089 veniae
1199 2037 1396 2104 provocentur,

812 2111 886 2179 quoii
907 2106 959 2176 eis,
980 2107 1028 2178 qui
1054 2105 1154 2161 Filium
1176 2106 1225 2160 Uei
1244 2102 1397 2182 crucillxe-

812 2183 890 2246 runt,
906 2177 989 2234 venia
1008 2177 1183 2233 conceditur.
1210 2174 1289 2230 Unde
1305 2177 1345 2229 ait
1369 2175 1398 2228 et

814 2253 823 2307 t
829 2253 1023 2320 'lirpsostomus
1039 2268 1075 2304 :o
1090 2251 1207 2320 iusuper
1219 2260 1255 2301 ue
1270 2245 1397 2300 dicerent

812 2320 911 2394 aliqui,
938 2321 1024 2393 quod,
1042 2318 1156 2377 omissis
1179 2314 1397 2397 nutiaberunt

811 2410 842 2450 se
870 2398 1062 2449 ostentatores
1089 2391 1124 2448 ad
1150 2395 1313 2456 extraneos;
1333 2385 1398 2442 ideo

811 2464 904 2537 primo
920 2464 995 2537 apud
1014 2463 1091 2535 ipsos
1110 2461 1251 2518 occisores
1268 2457 1399 2540 pandunt

814 2535 1041 2594 Resurrectionis
1056 2532 1190 2606 iusignia,
1202 2531 1230 2588 in
1245 2533 1398 2610 eademci-

812 2608 898 2665 ritule
926 2607 956 2664 iu
986 2623 1043 2680 qua
1068 2603 1199 2680 prorupit
1227 2609 1398 2659 temerarius

812 2695 908 2736 ausus.
923 2679 974 2736 Ubi
992 2679 1068 2735 enini
1081 2677 1265 2734 crucillxores
1280 2673 1397 2730 credere

813 2751 957 2816 ridentur,
971 2747 1152 2806 Resurrectio
1172 2745 1325 2819 plurimum
1340 2743 1395 2800 de-

813 2827 1007 2892 monstratur:
1023 2841 1036 2872 o
1051 2823 1111 2877 liceo
1126 2821 1341 2887 chrysostomus.

852 2913 881 2949 ia
904 2895 1103 2948 Discirucouuii
1123 2905 1243 2946 oxuoiuii
1268 2902 1397 2948 excisouii

812 2981 969 3020 eaxiuxrio.
986 2993 1020 3004 -
1035 2963 1105 3030 Quia
1121 2977 1186 3017 iero
1201 2965 1269 3015 ante
1284 2956 1396 3014 Passio-

813 3051 877 3092 nem
893 3034 1020 3092 Cbcistus
1035 3031 1181 3104 discipulis
1200 3031 1331 3086 dixerat:
1347 3031 1397 3084 lte-

811 3125 873 3163 rum
896 3107 992 3162 uidebo
1008 3121 1065 3174 vos,
1087 3111 1112 3160 et
1135 3103 1267 3172 gaudebit
1292 3115 1397 3182 coroe-

811 3185 909 3244 strum,
924 3178 978 3233 boc
993 3193 1068 3233 nuuc
1080 3191 1166 3249 opere
1174 3171 1333 3256 ostenditur
1346 3185 1398 3226 iui-

811 3250 942 3322 plelum3
964 3249 1039 3305 uude
1056 3249 1185 3319 sequitur
1212 3262 1240 3300 in
1260 3247 1368 3300 loanne
1389 3257 1396 3296 ι

813 3317 1396 3394 GauisisuntergodixotpulimisoDomino,

812 3392 841 3450 id
857 3399 900 3449 est
915 3391 1012 3463 agnito
1027 3411 1034 3460 ·,
1049 3397 1079 3448 et
1097 3389 1224 3463 quiante
1242 3391 1324 3442 eraut
1344 3389 1395 3440 tri·

813 3470 881 3532 stes,
893 3469 922 3521 et
931 3463 972 3520 sic
985 3461 1167 3534 expavefacti,
1182 3474 1257 3516 nuuc
1266 3457 1398 3540 letantur

814 3550 910 3593 corani
932 3551 966 3593 eo
983 3534 1131 3592 consolati.
1150 3530 1217 3600 Quis
1231 3543 1308 3588 enim
1336 3541 1398 3608 sine

814 3623 917 3680 magno
925 3605 1030 3679 gaudio
1044 3605 1151 3662 videret
1162 3607 1272 3660 tantum
1284 3598 1398 3672 pietatis

814 3679 1023 3760 spectaculum?
1037 3677 1163 3734 Ostendit
1176 3677 1216 3729 eis
1228 3685 1326 3728 monas
1339 3669 1396 3726 cla-

815 3767 856 3806 ris
881 3751 1050 3821 perforatas,
1072 3746 1173 3819 quibus
1200 3749 1334 3815 operatus
1354 3744 1398 3824 est

816 3822 936 3878 salutem
956 3819 985 3876 iii
1002 3818 1095 3875 medio
1111 3821 1209 3883 torrae;
1224 3815 1398 3897 pedesqu-

815 3894 868 3950 bus
882 3889 1062 3963 predicando
1079 3889 1222 3956 discurrit,
1232 3891 1261 3943 el
1273 3903 1302 3942 in
1312 3893 1397 3940 itine-

815 3980 847 4020 re
865 3963 987 4020 lassatus
1003 3961 1072 4030 luit;
1087 3966 1112 4017 et
1126 3963 1211 4028 tatus,
1225 3973 1259 4015 ex
1279 3973 1335 4030 quo
1350 3971 1395 4012 sa-

815 4041 962 4092 cramenta
977 4031 1181 4105 redemptionis
1197 4026 1398 4109 prolluerele-

815 4105 1010 4178 cil,inqulbus
1020 4105 1152 4161 omuibus
1162 4103 1199 4160 ad
1209 4100 1399 4158 dubitantium

814 4179 902 4234 corda
921 4177 1060 4244 sananda,
1077 4177 1227 4232 vulnerum
1252 4175 1397 4250 sunt-ser-

815 4254 880 4306 iata
896 4249 1022 4320 vestigia,
1035 4253 1063 4304 el
1075 4247 1139 4304 ideo
1150 4246 1178 4301 iu
1193 4245 1398 4326 talibuslsignis

814 4319 927 4394 pietatis
939 4323 1031 4390 pacui
1042 4325 1106 4374 sunt
1118 4317 1261 4387 discipuli,
1274 4327 1333 4394 viso
1347 4313 1397 4365 Do-

813 4395 906 4450 mino:
923 4391 990 4463 quia
1003 4393 1054 4448 ista
1067 4389 1141 4446 visus
1157 4403 1213 4443 non
1231 4388 1320 4456 potuit
1334 4395 1397 4437 esse
1479 4433 1481 4440 ,
