3124 5038
306 346 644 419 duodone-notities
672 355 789 413 tritu.
820 357 949 424 distin,
977 358 1088 415 tuditi
1117 359 1274 416 insedit.
1361 355 1408 408 tta

168 455 265 518 bitans
278 461 307 518 in
328 461 434 532 templo
449 466 547 521 sancto
561 479 623 531 suo,
647 464 676 520 in
691 479 755 522 sen·

171 536 226 612 ctis
236 532 379 598 fidelibus,
398 534 427 592 in
442 535 566 592 Ecclesia
581 551 694 608 suaper
706 553 756 594 eos

169 602 289 662 dimittit
319 613 526 679 peccatequa
555 605 617 664 rivi
647 611 754 680 templa

169 687 260 734 sunt:
279 698 293 727 r
311 679 372 738 haec
387 680 570 746 nepessinus.
598 679 672 736 Licet
687 696 755 753 ergo

170 747 251 806 solus
265 749 338 807 [irus
355 749 550 822 principaliter
568 761 684 822 peecata
705 767 756 809 re-

170 818 276 884 misni,
297 827 394 880 tamen
413 821 536 880 ministri
560 823 691 880 Ecclesia
707 839 757 894 per

171 889 304 948 virtutem
314 893 435 951 clavium
447 894 483 951 ad
498 895 551 951 linc
562 894 757 953 ministroliter

170 969 339 1034 operantum
354 964 537 1023 dimittuntur
551 973 646 1024 antem
661 983 756 1038 pecca·

169 1038 200 1092 ta
214 1034 241 1090 in
259 1033 390 1094 Ecclesiae
401 1038 510 1095 unitate
523 1044 552 1094 et
562 1038 681 1096 caritate
692 1055 757 1095 ron-

172 1107 290 1173 silentis,
306 1109 355 1168 sed
369 1125 425 1167 nnn
442 1109 514 1166 aliis.
533 1111 611 1168 Unde
631 1109 755 1168 nitidem

170 1178 346 1238 Artissimis
362 1198 368 1237 :
387 1200 401 1234 ii
418 1182 549 1240 Ecrlesios
562 1181 676 1250 raritas,
692 1198 756 1254 quae

171 1264 223 1323 per
239 1251 375 1322 Spiritum
393 1255 526 1311 Sanctum
541 1252 712 1311 dillnnititur
726 1254 755 1310 in

171 1322 307 1382 cordibus
317 1325 433 1394 nostris,
448 1324 615 1397 participum
627 1342 754 1394 suorum,

170 1399 288 1468 peccata
305 1395 440 1464 dimitt=t;
466 1413 564 1454 eorum
588 1405 683 1455 eutem
709 1400 756 1470 qui

171 1481 229 1522 non
244 1472 309 1524 sunt
320 1468 474 1542 participes
483 1475 562 1526 tenet
576 1487 583 1525 ι
597 1491 612 1520 η
629 1471 689 1528 haec
700 1471 757 1526 An·

170 1539 310 1607 portione.
337 1541 465 1598 Pete-tas
493 1557 561 1624 erpo
586 1541 755 1598 conficiendi

174 1611 283 1680 Corpus
298 1612 401 1670 Christi
415 1613 482 1670 deta
495 1613 548 1670 tint
566 1613 712 1686 discipulis
726 1611 756 1669 in

172 1684 533 1754 coinquinamentum
548 1684 617 1742 dixit
631 1686 671 1742 eis
683 1689 758 1742 :Hoc

171 1755 258 1822 terite
286 1759 317 1812 ire
343 1772 431 1814 meam
458 1761 756 1824 commemorationem,

172 1826 223 1882 sed
250 1826 370 1884 clavium
398 1833 523 1899 potestas
546 1844 631 1901 snper
656 1843 758 1902 corpus

175 1896 280 1956 Christi
297 1898 445 1972 mysticum
465 1916 529 1972 qum
543 1902 684 1974 promisso
707 1903 759 1956 luit

174 1969 270 2032 Petro.
287 1977 316 2028 et
338 1971 366 2028 in
389 1973 474 2029 Petro
489 1971 602 2042 ceteris,
622 1977 686 2044 post
699 1971 759 2028 ite-

172 2056 236 2098 rum
259 2057 391 2114 expresse
415 2043 489 2113 aliis,
513 2045 574 2102 liaec
595 2043 635 2100 eis¹
654 2043 682 2100 in
698 2043 759 2116 ipsa

174 2111 219 2168 dic
236 2113 352 2172 Paschae
371 2115 474 2173 collata
490 2115 554 2173 luit.
575 2117 606 2172 Et
630 2121 699 2172 nota
714 2115 760 2171 hic

173 2185 324 2242 Dominum
348 2188 501 2258 Apostolos
522 2186 669 2244 ordinasse
688 2186 760 2258 Epi-

173 2271 284 2329 scopos.
312 2259 392 2316 Unde
412 2261 588 2328 Aupnsti'nns
611 2279 620 2314 ε
644 2261 759 2315 illemo

172 2330 240 2386 tunc
249 2330 361 2387 dubitat
374 2329 523 2387 [lominum
535 2331 684 2404 spostolus
695 2329 759 2404 lipi-

172 2415 273 2481 scnpos
287 2401 445 2470 ordinasse,
461 2419 527 2458 cum
552 2402 701 2459 insulllans
716 2401 759 2458 di·

172 2475 213 2527 xil
227 2471 269 2530 cis
285 2490 292 2528 :
318 2474 444 2545 Accipite
466 2477 603 2546 Spiritum
617 2477 758 2538 Sanctum,

173 2559 289 2614 quorum
305 2549 468 2606 remiseritis
480 2551 593 2618 peccota
607 2551 760 2603 remittun-

173 2621 221 2671 tur
247 2619 296 2682 eis,
322 2622 347 2673 et
372 2633 488 2688 qnorum
506 2621 688 2684 retinueritis,
711 2634 760 2673 re-

173 2691 337 2756 tentarunt.
359 2708 373 2742 n
398 2687 481 2745 Vides
507 2690 649 2760 quomodo
665 2687 760 2746 omnia

174 2757 231 2814 iste
256 2763 322 2815 sunt
338 2759 426 2832 plena
443 2760 621 2831 jucunditate
638 2767 666 2818 et
687 2759 759 2816 laeti-

173 2831 229 2896 tia;
241 2830 322 2888 ethic
337 2847 413 2888 nunc
424 2847 628 2904 eccemagnum
640 2833 758 2888 Pascha.

174 2900 196 2958 0
211 2901 304 2973 qualis
320 2902 490 2962 domuncula
503 2903 530 2960 in
544 2919 600 2974 qun
613 2909 679 2960 simt
694 2903 758 2970 ista,

174 2977 204 3030 ct
218 2989 302 3044 quam
319 2973 473 3046 gloriosum
486 2975 616 3032 habitare
630 2973 659 3030 in
671 2974 721 3030 eal

213 3049 243 3102 i5
259 3047 327 3103 Turn
343 3064 435 3104 suiuus
459 3047 598 3105 Cauisruii
614 3063 759 3104 sustinens

61 3105 65 3112 ’
173 3133 290 3174 nonsart
306 3135 481 3190 necessarus,
497 3135 709 3182 montaneam
725 3137 760 3175 en

173 3204 208 3246 aa
224 3206 283 3248 irso
299 3207 421 3248 cernere
445 3221 479 3234 -
499 3193 537 3248 Ex
552 3192 605 3247 hoc
622 3193 694 3247 lacto
709 3207 758 3261 ap-

173 3259 324 3333 paritionis
340 3261 451 3320 lloniini
467 3261 522 3320 tria
535 3261 721 3334 spiritualiter
731 3267 760 3318 et

174 3331 292 3460 mgstice
312 3333 498 3402 accipiuntur,
524 3349 588 3406 qnae
613 3333 641 3389 in
664 3333 760 3391 anima

173 3403 252 3459 fieti
276 3404 496 3477 apparitionem,
522 3411 551 3462 et
577 3404 758 3478 praesentiam

173 3476 259 3556 Verbi
288 3477 398 3544 aeterni,
421 3477 583 3534 mentaliter
599 3477 758 3560 flagitante,

175 3554 337 3617 exiguntur.
374 3548 500 3605 Primum
523 3555 576 3618 ost,
604 3564 705 3605 animae
724 3549 760 3605 ab

175 3617 253 3674 omni
278 3635 364 3691 opere
384 3618 516 3676 exteriori
544 3623 664 3688 vacatio,
684 3620 760 3691 quod

175 3697 291 3746 notitur
309 3707 361 3763 per
384 3689 460 3748 diem
484 3689 686 3759 sabbatorum
709 3707 761 3762 per

174 3762 325 3818 sabbatum
343 3761 418 3819 enim
441 3767 550 3833 requies
569 3760 758 3834 significetur,

175 3845 231 3960 guo
245 3833 335 3890 lnilaei
353 3833 389 3890 ab
413 3833 491 3890 omni
507 3849 592 3906 opere
610 3835 758 3890 vacabant.

195 3904 338 3960 ecundnm
353 3908 397 3961 est
410 3905 523 3972 virinm,
538 3907 574 3963 nb
591 3903 669 3962 omni
691 3921 761 3976 spe-

174 3974 218 4030 cie
230 3981 364 4032 extranea
380 3976 540 4038 custoditio,
552 3977 629 4048 quod
646 3983 760 4032 notatur

173 4061 225 4118 per
240 4047 317 4103 iores
329 4047 453 4117 clausae
471 4051 547 4104 iores
562 4047 637 4104 enim
657 4048 760 4103 animae

171 4125 239 4174 suut
253 4135 353 4175 sensus
368 4118 496 4191 corporis
510 4125 538 4175 et
555 4119 628 4176 vires
643 4118 759 4175 animm.

171 4189 298 4246 Tertium
314 4195 368 4254 est,
384 4190 486 4246 vii-ium
503 4191 633 4247 omnium
657 4191 693 4248 ad
715 4189 759 4245 in·

172 4259 240 4318 tima
256 4263 433 4330 recollectio,
462 4263 540 4333 quod
567 4267 685 4319 notator
710 4278 761 4333 per

172 4329 378 4406 discipulorum
396 4332 667 4406 congregationem
685 4332 759 4390 vires

811 463 888 522 enim
901 463 1008 523 animae
1021 469 1087 524 snnt
1096 465 1176 538 quasi
1189 465 1304 538 qnidam
1318 460 1402 521 disci·

810 535 882 610 puli,
900 541 953 594 soli
980 537 1145 610 magisterio
1174 538 1260 595 Verbi
1285 535 1397 594 aterni.

811 609 866 666 Srd
883 609 1021 668 Dominus
1038 627 1092 666 nnn
1109 614 1185 667 venit
1207 611 1243 666 ad
1258 609 1395 678 animam,

811 679 864 737 nisi
888 683 923 738 ile
942 697 1016 750 sero,
1043 688 1160 754 propter
1182 679 1257 754 quod
1279 680 1392 750 dicitur,

810 768 873 810 cum
890 769 954 812 sero
969 759 1053 810 esset.
1073 757 1125 810 l’ei·
1144 769 1207 810 seni
1226 751 1393 822 intelligitur

811 825 945 908 perlectio
974 824 1040 884 boni
1069 824 1173 897 operis,
1187 841 1243 881 non
1267 839 1343 881 enim
1363 821 1394 880 in

810 895 891 953 initio
909 898 975 954 boni
994 898 1087 970 operis
1114 896 1249 952 Dominus
1263 898 1392 968 apparet,

811 968 860 1025 sed
874 977 1108 1041 sero,postqnnm
1123 968 1164 1025 sol
1178 966 1281 1024 divinae
1293 965 1392 1038 gratiae

811 1055 924 1097 cursum
949 1055 1030 1096 suum
1058 1039 1087 1095 in
1108 1039 1282 1112 perfectione
1298 1041 1392 1110 operis

810 1111 930 1186 peregit,
946 1118 1014 1169 tunc
1031 1114 1105 1169 Deus
1125 1110 1233 1168 homini
1250 1127 1280 1168 se
1297 1117 1392 1168 osten·

811 1187 852 1240 dit
882 1215 916 1226 -
936 1186 1018 1242 lesus
1037 1189 1133 1241 eutem
1152 1183 1268 1240 veniens
1282 1181 1311 1237 in
1331 1181 1393 1238 ani-

810 1270 886 1312 mam
910 1261 1046 1328 operatur
1071 1255 1110 1312 int
1130 1255 1265 1327 quinque.
1287 1253 1394 1325 Primo,

811 1331 868 1383 stat
883 1327 912 1383 in
929 1327 1021 1384 medio
1036 1326 1238 1396 discipulorum
1254 1327 1393 1394 omnium,

811 1398 941 1455 videlicet
958 1398 1069 1458 virium.
1088 1399 1170 1454 idest
1185 1399 1214 1456 in
1233 1399 1314 1455 initio
1328 1395 1395 1454 ani-

811 1487 865 1527 mae
879 1486 965 1542 qnam
980 1469 1131 1530 inhahitet.
1144 1475 1174 1526 et
1192 1471 1284 1541 ipsam
1297 1485 1395 1524 essen·

811 1549 880 1599 tiam
897 1557 1012 1612 animm,
1039 1558 1103 1613 qnae
1122 1541 1247 1598 medium
1271 1546 1314 1597 est
1333 1555 1414 1596 om-·

813 1614 891 1671 nium
907 1612 1108 1686 potentiarum,
1130 1630 1180 1685 per
1196 1613 1316 1682 prauam
1332 1627 1397 1684 per·

813 1686 906 1742 fluitet
918 1688 1069 1755 toecnndat,
1080 1685 1253 1742 conterendo
1267 1684 1319 1740 sibi
1333 1697 1395 1766 esse

813 1757 951 1814 divinum.
977 1757 1117 1826 Secundo,
1138 1756 1288 1814 annuntiat
1310 1755 1397 1812 disci·

813 1829 888 1902 pulis
918 1845 1116 1902 parameses
1139 1829 1242 1901 quibus
1271 1826 1398 1898 loquitur

814 1915 923 1974 picem,
953 1901 1020 1973 qnia
1050 1901 1213 1974 discipulis;
1241 1905 1302 1956 esto
1321 1903 1397 1954 ettu

815 1972 969 2044 discipulus
995 1971 1152 2045 disciplina
1172 1970 1274 2030 Christi
1298 1985 1396 2042 capax,

815 2053 844 2101 et
858 2045 965 2101 audies.
990 2044 1096 2111 Tertio,
1112 2044 1237 2101 ostendit
1250 2041 1277 2099 ei
1297 2055 1398 2098 inimus

815 2121 843 2173 et
867 2117 949 2185 latus,
974 2117 1149 2173 conierendo
1175 2116 1281 2172 scilicet
1307 2113 1349 2169 eis
1369 2118 1397 2168 et

815 2187 926 2244 divinas
942 2187 1132 2260 operationes,
1143 2203 1207 2259 quse
1219 2202 1271 2259 per
1284 2199 1397 2252 manus,

815 2267 843 2316 et
856 2259 1032 2328 affectiones,
1050 2275 1112 2331 qua
1127 2275 1177 2332 per
1191 2259 1276 2326 latus,
1287 2257 1334 2313 ubi
1351 2271 1400 2312 cor

815 2332 895 2400 latet,
912 2331 1109 2403 designentur.
1125 2332 1241 2398 Quarto,
1257 2331 1400 2392 l'ecitnau·

816 2405 882 2460 dere
907 2403 975 2459 disci
1000 2404 1071 2470 ulos,
1097 2403 1245 2459 excitando
1267 2399 1400 2456 videlicet

815 2473 843 2531 in
860 2474 901 2532 eis
914 2419 1049 2558 geuifium
1064 2473 1294 2545 interniim,nuia
1309 2469 1399 2543 gavisi

815 2551 880 2603 sunt
894 2546 1034 2616 discipuli,
1049 2546 1110 2603 viso
1130 2546 1262 2604 Domino.
1283 2543 1398 2613 Quinto,

815 2617 943 2676 insulllat
955 2619 1049 2676 dando
1066 2618 1107 2675 eis
1121 2619 1257 2690 Spiritum
1272 2616 1397 2672 vivitica-

814 2690 901 2747 tionis
915 2691 951 2747 ad
965 2705 1065 2747 novam
1078 2689 1175 2758 vitam,
1189 2695 1220 2746 ut
1231 2689 1327 2744 vivant
1339 2693 1398 2743 tam

816 2762 868 2818 sibi
883 2777 968 2833 quain
982 2760 1044 2817 aliis
1059 2761 1095 2817 ed
1110 2763 1239 2817 salntem.

854 2837 885 2889 16
906 2835 1065 2888 liecennnrn
1085 2834 1204 2899 Douino,
1219 2833 1330 2887 Tacitus
1354 2845 1401 2884 in-

814 2920 904 2960 ermi.
915 2933 949 2946 —
962 2905 1016 2961 Sed
1030 2902 1236 2960 Dominusruin
1253 2898 1399 2972 discipulis

814 2982 883 3032 tnnc
895 2991 994 3047 parurn
1010 2974 1097 3042 surii,
1118 2974 1184 3045 qnia
1199 2973 1318 3030 multum
1334 2987 1398 3027 sero

815 3047 876 3112 luit,
889 3057 983 3104 tamen
997 3048 1067 3102 liirte
1081 3045 1166 3102 etiam
1179 3045 1234 3118 ipsi
1243 3047 1398 3116 coegerunt

815 3135 878 3176 euin
911 3117 1120 3190 aliquantulum
1149 3121 1211 3189 pin·¹
1236 3122 1322 3184 stare,
1351 3129 1398 3170 rn-

814 3196 915 3262 gantes
928 3207 962 3246 nn
976 3189 1016 3245 sic
1028 3189 1084 3245 cito
1098 3189 1260 3256 recederet;
1277 3203 1328 3244 nec
1343 3187 1396 3242 linc

815 3261 935 3319 Domino
950 3260 1127 3334 displiciunt,
1137 3259 1227 3317 teneri
1239 3275 1315 3314 enim
1328 3257 1396 3326 virli,

815 3341 899 3407 prout
914 3349 998 3403 supra
1013 3331 1119 3390 dictum
1139 3337 1191 3388 est.
1210 3330 1334 3388 Tandem
1349 3330 1398 3384 lie·

815 3405 950 3463 nedicens
962 3404 1094 3461 discessit
1110 3405 1146 3461 ab
1160 3403 1210 3460 eis.
1224 3406 1349 3472 Cumque
1363 3400 1399 3482 alr

814 3477 856 3534 eis
882 3477 1053 3545 evanui-set,
1083 3475 1168 3534 rediit
1192 3477 1325 3542 Tuomas,
1350 3487 1396 3542 nui

816 3555 882 3606 ante
908 3547 1018 3605 Domini
1034 3546 1185 3605 adventum
1201 3546 1338 3612 exiverat3
1353 3545 1397 3600 di·

816 3627 990 3689 nannieno
1009 3620 1105 3676 animo
1121 3618 1185 3675 laeto
1202 3620 1255 3673 clii
1268 3617 1304 3672 ad
1322 3629 1398 3693 eum,

815 3692 981 3748 nuntiantes
996 3694 1022 3746 ei
1036 3692 1140 3747 bonum
1156 3689 1283 3746 nuntium
1298 3707 1305 3744 :
1321 3689 1399 3746 Vidi·

815 3780 875 3820 mus
890 3766 1045 3826 Dorniiinm,
1058 3761 1098 3817 sic
1114 3759 1189 3817 enim
1205 3768 1272 3818 anic
1288 3757 1399 3816 Passio·

817 3851 882 3892 nem
895 3835 1111 3906 appellaverunt
1125 3848 1199 3890 eum.
1211 3831 1265 3901 Qui
1281 3831 1357 3912 dixit·
1367 3845 1398 3886 se

816 3922 872 3962 non
887 3904 1074 3973 crediturum,
1093 3903 1146 3960 nisi
1171 3905 1295 3972 vinei-et,
1311 3918 1399 3974 quin-

816 3976 900 4034 etiam
922 3981 1052 4048 laugerel
1071 3975 1216 4032 cicatrices
1242 3975 1402 4040 vulnerum,

817 4055 847 4104 nt
863 4047 885 4104 si
901 4048 975 4103 visus
992 4047 1181 4119 deciperetur,
1194 4051 1293 4102 saltem
1310 4053 1403 4101 tintus

817 4119 961 4176 nuntiaret
975 4119 1133 4176 veritatem.
1155 4121 1273 4176 Voti-bat
1295 4114 1400 4172 ceitill-

816 4191 874 4248 cari
890 4190 996 4262 duplici
1010 4201 1105 4260 sensu,
1122 4190 1228 4247 scilicet
1242 4189 1302 4244 risu
1316 4198 1343 4242 et
1359 4193 1402 4266 ta3

816 4269 872 4319 ctu.
900 4263 947 4320 lsii
966 4263 1042 4320 enim
1061 4267 1118 4319 dun
1141 4277 1241 4318 sensns
1257 4269 1332 4324 sunt,
1352 4271 1399 4327 qur

816 4333 910 4390 minns'
928 4333 1019 4405 decipi
1045 4338 1171 4406 pnssnnt.
1189 4335 1280 4387 Tanta
1296 4327 1400 4400 quippe
