2974 5040
196 396 237 446 tto·
543 387 699 442 SECUNDA}
727 390 844 446 Pontis
872 390 977 444 uitur
1005 391 1087 445 lxii

191 501 221 558 iii
248 499 427 574 gratiositate
450 495 672 566 acceptissimus,
697 496 776 554 renis

189 573 249 646 jani
262 591 295 630 eii
311 568 461 644 sanguinis
473 567 613 625 ellusione
622 569 776 638 exhaustis,

193 651 222 704 et
251 643 358 704 viribus
384 641 593 709 deficientibus,
624 640 776 768 appropio·

194 733 285 790 queris
307 719 388 774 morti
417 713 516 786 incipit
543 711 639 768 oculos
671 730 775 782 angue-

193 789 346 848 scentesde
368 783 773 857 cimonemlaciepallescere;

193 867 221 920 et
234 806 377 934 quomodo
393 857 494 928 ini-ipit
513 855 653 940 inclinare
669 863 773 941 caput3

190 949 288 990 versus
310 937 431 989 matrem
450 945 542 988 suam.
562 944 644 1000 quast
660 929 730 985 dans
748 946 774 986 ei

190 1021 242 1063 ave
254 1005 394 1066 ultimum.
410 1001 609 1073 aveinquam,
624 1000 730 1058 doloris
746 1006 775 1058 et

191 1075 284 1134 omnis
303 1074 497 1142 desolationis,
518 1073 593 1145 quod
618 1089 675 1130 nori
693 1077 772 1156 pote-

190 1153 234 1206 rat
247 1165 296 1206 ore
311 1155 339 1205 et
352 1149 439 1206 verbo
451 1145 608 1218 exprimere
618 1161 677 1218 prae
686 1147 773 1202 nimia

189 1221 325 1278 Passione
353 1226 381 1277 et
406 1215 598 1276 inaestimabili
618 1217 728 1289 dolore,
744 1223 773 1274 et

188 1291 268 1365 quasi
283 1291 487 1350 commendans
502 1289 528 1346 ci
550 1305 654 1416 corpus
678 1306 770 1360 suum,

189 1369 247 1422 lain
263 1365 415 1422 crudeliter
430 1363 547 1426 iussum,
561 1377 594 1418 ac
615 1371 770 1430 aceretem,

189 1431 222 1494 el'
231 1436 398 1510 dissipatum
411 1435 555 1507 undique3
571 1442 599 1488 ot
611 1433 696 1490 etiarn
709 1449 770 1490 ver-

185 1525 233 1568 sus
257 1511 370 1568 Patrem
400 1524 494 1578 suom,
515 1505 595 1577 quasi
619 1505 770 1562 ostenderis

186 1597 219 1640 eii
237 1583 320 1640 niodo
336 1579 489 1649 moriendi,
503 1580 577 1650 quod
595 1577 771 1660 morienatnc

187 1670 219 1710 ex
240 1654 412 1712 obediendia
428 1654 529 1718 Potris,
555 1653 583 1730 et
613 1665 669 1705 non
689 1665 769 1731 invo-

184 1723 320 1792 luntarie,
341 1731 370 1781 et
393 1721 475 1795 quasi
490 1726 597 1792 gratias
620 1735 710 1792 agens
727 1735 769 1776 ei·

183 1795 260 1864 dem,
277 1797 351 1868 quod
378 1795 469 1868 ipsum
494 1793 646 1848 revocabat
672 1791 707 1848 ed
727 1809 767 1862 se,

183 1870 288 1927 docens
303 1867 493 1925 nossimiliter
508 1863 614 1934 gratias
628 1862 656 1919 in
669 1863 768 1921 adier-

182 1941 219 1998 sis
234 1957 334 2008 anece;
346 1945 375 1998 et
390 1937 553 2011 significans
567 1952 659 2009 seper
674 1936 767 1993 carias

183 2013 383 2073 tribulationes
401 2015 435 2070 ed
448 2008 567 2093 praemia
578 2013 765 2092 sequendum,

181 2093 211 2146 et
230 2091 310 2162 quasi
332 2086 450 2144 tradens
475 2099 500 2139 ei
516 2088 651 2164 spiritum
664 2096 765 2163 surim,

182 2161 267 2219 etiarn
280 2159 361 2234 quasi
382 2155 524 2215 declinare
541 2171 558 2212 a
577 2169 669 2236 crucis
685 2153 766 2234 titulo

181 2250 212 2292 se
227 2232 391 2300 ostendens,
407 2235 436 2288 et
460 2243 564 2285 vanarn
582 2227 703 2298 gloriam
724 2242 765 2280 vi-

181 2309 242 2363 tare
257 2323 308 2362 iios
327 2305 441 2360 docens.
457 2317 490 2356 ac
505 2302 527 2355 si
549 2298 679 2354 diceret:
696 2298 765 2379 Nolo

181 2377 227 2434 hic
243 2391 375 2448 regnare,
390 2373 456 2429 nolo
478 2371 585 2426 scribat
599 2374 649 2424 out
668 2381 766 2424 nonii-

184 2455 233 2507 net
246 2466 290 2504 iiie
307 2449 410 2516 iugem
426 2442 545 2505 Pilatus;
558 2446 586 2494 ct
598 2439 683 2495 ctiam
696 2456 766 2521 qna-

173 2520 205 2580 .si
234 2535 279 2576 mc
308 2515 385 2572 Patri
411 2509 605 2576 reconciliato,
631 2520 766 2567 nuntians

182 2589 251 2649 milii
276 2602 385 2660 pacom.
402 2601 446 2640 iiio
466 2583 578 2647 salutet,
591 2587 622 2662 et
639 2583 766 2664 osculnm

180 2662 247 2723 milii
260 2663 396 2734 praeoeal,
405 2662 434 2714 et
444 2670 527 2712 aures
543 2667 613 2708 ineis
624 2656 765 2726 precipue,

202 2753 245 2794 uae
279 2749 336 2789 rius
357 2746 411 2786 nori
428 2727 618 2801 proiecerunt,
634 2725 671 2782 ad
686 2741 767 2783 exau·

181 2751 318 2866 dianium
334 2801 462 2860 inclinet.

216 2903 230 2938 a
243 2883 334 2936 verino
348 2890 472 2941 serriiio,
487 2871 610 2927 uoiions
622 2886 726 2926 ssiiiiii
738 2886 766 2925 iic

180 2972 268 3012 uiuus
288 2953 386 3008 Parsis
405 2964 446 3004 sui
464 2961 633 3001 conuertens.
658 2974 690 3024 .‘'.
706 2943 765 3008 Quo

179 3027 264 3094 lacto,
288 3027 443 3093 antequam
468 3016 596 3096 traderet
622 3019 766 3086 spiritum,

180 3098 318 3156 conclusit
335 3092 470 3150 Dominus
490 3088 620 3144 ultimum
637 3087 765 3152 verbum,

180 3171 287 3230 scilicet
301 3165 463 3241 septimum.
481 3177 544 3217 cum
563 3161 686 3217 clamans
704 3173 767 3213 noce

179 3261 280 3316 meque
295 3251 324 3300 et
343 3235 474 3310 lacrymis
495 3237 573 3290 Jcsna
588 3235 654 3288 uit:
675 3233 766 3300 Peter,

178 3321 209 3375 ln
222 3332 321 3374 manus
332 3318 363 3369 tu
374 3329 407 3374 is,
416 3309 446 3366 id
461 3309 504 3364 est
518 3305 547 3362 in
557 3307 698 3378 potestate
707 3309 765 3368 tna,

176 3388 331 3449 commendo
345 3385 476 3455 spiritum
494 3393 592 3432 meam.
618 3376 672 3429 Per
690 3373 767 3444 quod

178 3460 267 3519 uoluit
280 3455 362 3514 nobis
377 3451 524 3508 declarare
536 3446 636 3528 ,quod
652 3447 766 3527 Sancto:

179 3547 242 3590 curn
266 3527 368 3586 animm
394 3539 427 3579 ex
454 3527 520 3576 tunc
547 3535 574 3573 iii
595 3531 696 3596 marius
717 3517 766 3572 [lei

177 3601 346 3664 ascendunt,
363 3609 429 3652 nam
442 3591 521 3664 prius
536 3589 572 3646 ab
589 3587 689 3644 inseris
702 3603 765 3670 orii-

179 3671 370 3732 nlumanimae
386 3667 568 3744 tenebantur,
582 3659 674 3717 donec
689 3665 765 3742 venit

177 3747 225 3819 qui
241 3742 359 3810 caiitiiis
376 3739 604 3807 redemptionem
626 3731 764 3803 praedica·

179 3817 227 3876 vit.
244 3817 324 3875 Unde
340 3815 480 3885 cyrillus:
496 3828 509 3861 o
523 3809 587 3865 llaec
601 3815 697 3864 autern
714 3819 765 3860 vox

178 3891 286 3953 edocet,
304 3889 379 3960 qnod
394 3887 498 3942 animae
519 3881 687 3937 Sanctorum
704 3892 761 3932 non

177 3960 310 4033 deinceps
339 3961 367 4014 in
395 3956 506 4012 inlcrrio
531 3951 765 4032 clauduntnc,'ut

174 4033 269 4108 prins;
289 4030 339 4086 sed
362 4029 436 4102 apud
462 4027 655 4106 Deumosunt,
678 4021 763 4091 hujus

174 4108 215 4163 rei
232 4108 305 4161 lacto
319 4099 431 4158 Christo
448 4097 597 4168 principio.
611 4115 625 4144 o
639 4092 718 4149 Unde
734 4097 762 4148 ct

174 4177 349 4237 Athanasius
364 4191 372 4228 r
387 4191 401 4224 a
417 4166 604 4224 Commendat
617 4179 694 4246 enim
712 4163 762 4219 Pa·

171 4250 207 4310 tri
229 4264 328 4324 perse
352 4245 499 4302 universos
524 4241 660 4292 mortaies
686 4251 714 4316 ¹¹.¹
731 4251 761 4291 se

170 4323 338 4391 viviticatcs,
351 4331 417 4376 nain
432 4325 530 4371 sumus
543 4309 673 4391 rncmlira
686 4321 761 4379 eius,

170 4398 326 4456 seeundum
353 4387 425 4448 illud
457 4380 588 4459 Apostoli
619 4396 626 4440 :
663 4377 762 4438 Omnes

831 501 995 554 munientis
1022 501 1051 554 in
1068 499 1186 558 clii-isto.
1207 523 1222 551 o
1252 499 1341 558 Prius
1360 521 1422 576 erpi

833 571 967 625 [lominus
977 571 1152 628 clamaverat
1164 589 1170 626 :
1180 573 1237 634 Eli,
1249 575 1309 632 Eli.
1322 581 1389 642 ete,
1399 583 1423 630 et

831 641 915 698 modo
934 641 1039 699 clainal
1057 660 1064 698 τ
1081 646 1173 706 Pater,
1195 647 1226 700 a'ri
1244 662 1352 700 manias
1369 654 1425 702 tuns

830 714 995 778 commcndo,
1009 723 1064 772 etc.
1080 715 1162 772 Unde
1177 719 1296 786 quidam
1314 717 1423 783 dicunt,

831 791 861 841 ut
875 788 1066 856 Hieronymus,
1084 787 1161 860 quod
1175 789 1213 843 ab
1229 789 1277 844 illo
1293 789 1423 846 Psalmo:

832 859 911 919 Deos.
928 861 997 913 Deus
1011 875 1096 928 meus,
1107 863 1213 930 respice
1223 863 1254 914 iri
1268 877 1323 924 me,
1342 879 1425 934 usqne

829 929 866 985 ed
881 929 966 986 istum
981 947 1111 988 versum:
1126 934 1160 988 tn
1170 949 1274 988 manus
1291 935 1422 998 irasmi

829 1007 893 1057 sunt
909 1001 1008 1073 psalmi
1025 1003 1133 1066 decem,
1144 1008 1172 1059 et
1187 1020 1292 1062 versus
1308 1016 1422 1064 centnm
1482 1031 1483 1034 ¹

828 1072 1047 1146 quinquaginta,
1071 1074 1202 1133 tlliristns
1236 1076 1350 1134 dixerit
1379 1094 1424 1136 eos

828 1160 938 1210 omnes,
955 1145 1077 1218 primurn
1094 1145 1226 1204 vilelicet
1243 1153 1275 1204 et
1290 1149 1424 1206 ultimum

827 1232 940 1274 versum
951 1234 1013 1274 cum
1025 1219 1220 1288 clamore,sed
1231 1219 1425 1279 intermedios

827 1290 878 1346 sub
899 1289 1021 1346 silentio.
1043 1293 1080 1346 lle
1101 1292 1155 1347 isto
1172 1301 1277 1349 antem
1302 1293 1424 1350 clamore

827 1359 942 1428 Christi,
958 1361 1031 1418 sicut
1044 1371 1073 1418 et
1084 1363 1119 1419 de
1135 1362 1298 1434 superiori,
1317 1367 1425 1422 ridetur

826 1432 901 1505 loqoi
912 1433 1183 1502 Pauiustpostolus,
1193 1452 1263 1493 cum
1276 1437 1352 1494 dicit
1364 1457 1371 1494 :
1381 1439 1427 1506 Oet

826 1505 1055 1561 indicbuscarnis
1064 1521 1120 1563 suar
1128 1523 1222 1578 preces
1231 1526 1301 1566 eum
1311 1512 1425 1566 clamore

825 1577 919 1632 valido
933 1582 960 1632 et
974 1579 1104 1646 lacrymis
1120 1581 1251 1650 offerens,
1266 1583 1423 1638 exauditus

825 1651 1423 1720 mmmmmmfflfflmm

824 1720 917 1788 detur,
932 1721 1009 1792 quod
1025 1721 1155 1779 Christus
1168 1731 1228 1780 tam
1240 1723 1272 1780 in
1293 1725 1357 1784 illis
1374 1743 1425 1782 ier·

826 1794 869 1849 bis
885 1810 891 1849 :
909 1795 965 1858 Eli,
976 1795 1032 1862 Eli,
1049 1799 1112 1857 etc..
1129 1811 1216 1866 quam
1231 1795 1263 1852 in
1278 1797 1369 1854 istis:
1385 1801 1427 1854 Pn-

824 1870 875 1932 ter,
892 1867 921 1920 la
944 1881 1041 1921 monus
1055 1871 1128 1930 tuos,
1152 1875 1220 1936 etc,
1248 1868 1430 1944 lacrymans

823 1935 920 1993 luerit.
931 1935 982 1992 dlii
997 1953 1063 1994 iero
1077 1938 1186 2007 dicunt,
1198 1943 1280 2011 qood
1295 1943 1428 2000 Cliristus

824 2013 912 2064 toturn
925 2009 1069 2066 Psalmum
1083 2027 1089 2066 :
1101 2014 1183 2076 Deus,
1197 2015 1271 2067 Deris
1281 2031 1382 2084 meus,
1391 2031 1428 2070 re-

822 2083 1002 2150 spiratum:
1017 2082 1429 2147 etneiodoPsitmumdno.

823 2153 945 2220 Domine,
962 2155 1098 2225 usquead
1115 2171 1229 2211 versum
1248 2173 1256 2212 :
1273 2159 1312 2213 ln
1330 2175 1428 2215 manac

822 2230 885 2280 tuas
897 2227 1063 2298 commende,
1072 2226 1233 2284 conclusive
1243 2229 1427 2288 decantarit.

822 2296 1038 2353 commendavit
1056 2305 1151 2356 autem
1171 2299 1324 2358 Dominus
1347 2306 1430 2360 lesus

824 2367 900 2424 Patri
913 2368 1054 2440 spiritum.
1072 2387 1127 2426 non
1143 2370 1218 2443 qnod
1240 2383 1367 2443 egeret.
1383 2374 1430 2431 sed

822 2445 853 2496 ut
868 2456 921 2496 nos
938 2445 1099 2498 instrueret.
1116 2445 1146 2498 lu
1164 2443 1217 2498 linc
1235 2443 1323 2501 enini
1345 2445 1429 2516 septi·

822 2527 868 2568 ino
894 2513 991 2580 verbo,
1008 2514 1084 2585 quod
1109 2517 1239 2571 maximae
1255 2518 1428 2576 devotionis

823 2581 884 2652 luit,
902 2585 1060 2656 exemplum
1086 2586 1252 2659 multiplicis
1275 2588 1426 2648 informa·

822 2655 909 2711 tionis
929 2658 1011 2714 nobis
1031 2657 1156 2729 reliquit,
1179 2665 1264 2730 prout
1291 2659 1383 2720 intra
1401 2665 1427 2720 in

822 2726 1001 2784 documentis
1015 2729 1125 2786 articuli
1146 2731 1267 2802 patebit.

857 2800 1022 2857 5Ciinisrus
1049 2819 1172 2858 sciniruii
1192 2820 1319 2862 eairrir.
1338 2839 1378 2850 -
1394 2811 1425 2866 Et

823 2871 887 2934 lieo,
909 2871 1016 2928 scilicet
1033 2872 1103 2930 illud
1127 2876 1245 2930 verbum
1269 2877 1426 2944 ultimum,

822 2943 926 3010 dicens,
942 2945 1075 3000 inclinato
1100 2949 1200 3017 capite,
1218 2950 1356 3008 tradidit
1378 2967 1425 3008 seu

822 3016 913 3070 eotisit
927 3018 1258 3086 spiritum‚n0ncoactns
1269 3028 1298 3076 et
1319 3021 1427 3092 insite,

822 3088 871 3142 sed
887 3087 1001 3157 quando
1015 3087 1103 3144 voluit
1117 3095 1144 3144 et
1161 3089 1345 3162 voluntarie,
1365 3096 1425 3152 siue

822 3163 969 3215 coactione
984 3162 1143 3232 expiravit,
1157 3161 1186 3218 id
1211 3168 1253 3218 est
1279 3165 1425 3237 spiritum

822 3235 901 3286 eitra
916 3246 1019 3312 corpus
1036 3241 1136 3304 sponte
1152 3239 1180 3289 et
1195 3236 1320 3306 propria
1340 3247 1424 3312 pote·

823 3307 895 3358 state
912 3301 998 3373 misit,
1015 3319 1070 3360 non
1094 3303 1166 3362 alius
1183 3311 1317 3364 extorsit.
1343 3313 1424 3368 Unde

823 3375 1019 3443 Arqustinas:
1037 3399 1050 3424 a
1065 3375 1131 3444 Quis
1146 3375 1186 3434 ila
1201 3376 1311 3436 dormit
1331 3398 1427 3455 quan·

822 3446 858 3502 do
877 3445 1006 3510 voluerit,
1025 3445 1097 3504 sicut
1112 3449 1194 3504 lesus
1210 3457 1354 3510 mortuus
1372 3461 1424 3514 est.

822 3517 937 3590 quando
954 3517 1058 3574 voluitl
1071 3519 1139 3586 Quis
1153 3519 1192 3576 ita
1205 3529 1316 3579 vestem
1340 3527 1428 3598 ponit

821 3591 935 3661 quando
946 3589 1077 3658 voluerit,
1089 3589 1161 3648 sicut
1175 3609 1206 3648 se
1220 3609 1308 3652 carue
1329 3601 1425 3666 enuit,

820 3661 934 3733 quondo
946 3662 1052 3718 voluit‘l
1066 3662 1132 3730 Quis
1142 3663 1191 3730 ita,
1202 3667 1322 3738 quando
1338 3671 1424 3726 rolu-

820 3733 875 3789 erit
888 3731 959 3801 obit,
975 3735 1118 3805 quomodo
1130 3737 1214 3793 tosus
1228 3755 1295 3795 cum
1306 3742 1422 3806 voluit,

820 3804 909 3861 olriit‘l
924 3807 1033 3873 Quanto
1055 3807 1197 3878 spcranda
1213 3811 1258 3867 iet
1283 3809 1426 3870 timenda

820 3883 862 3933 est
878 3885 1004 3949 potestas
1020 3877 1186 3948 judicantis,
1211 3881 1235 3938 si
1262 3887 1351 3940 tanta
1374 3903 1423 3958 ap

820 3947 913 4020 piruit
929 3951 1095 4007 morientisl
1113 3972 1126 4002 o
1145 3953 1205 4009 liaec
1221 3955 1423 4022 locustinos.

820 4019 870 4076 llic
888 4037 956 4092 ergo
972 4027 1090 4093 apparot
1110 4024 1187 4094 quod
1202 4025 1340 4084 Christus
1360 4035 1424 4085 tra-

819 4091 1046 4164 diditspiritiim,
1071 4093 1231 4167 clamando,
1252 4100 1376 4156 orando
1395 4107 1423 4157 et

818 4162 1011 4236 lacrymando.
1027 4167 1058 4221 ln
1074 4165 1174 4238 primis
1191 4171 1315 4234 duobus,
1336 4173 1423 4228 scili·

821 4241 866 4292 cet
881 4258 887 4292 ε
905 4239 934 4292 in
951 4239 1090 4293 tradendo
1107 4239 1250 4311 spiritum,
1264 4253 1294 4298 et
1313 4241 1345 4298 iii
1366 4246 1424 4302 cla·

819 4307 935 4378 mando,
951 4307 1085 4366 divinitas
1098 4314 1240 4383 apparuit,
1250 4320 1280 4370 et
1295 4315 1423 4373 deitatis

818 4395 877 4438 snae
904 4385 1061 4453 potentiam
1079 4383 1209 4444 Christus
1242 4385 1430 4446 declararit.

1480 359 1482 510 l
