2974 5040
346 455 386 508 DE
413 455 511 519 nont,
539 456 571 508 ln
599 455 761 510 ltsstortt
790 451 916 508 contat.
1212 451 1257 506 iil

61 565 93 627 att
119 559 307 616 uocuunsruu
330 573 438 614 nonnus
460 575 494 616 nx
516 573 611 618 narras
661 555 838 630 praelihstos,
866 561 896 614 ct
912 557 979 628 agat
1004 571 1055 628 pro
1074 555 1116 614 cis
1142 556 1250 628 gratias

29 635 169 690 Passtorns
193 645 427 700 consnuuarrons,
444 647 527 688 acras
544 647 611 688 con·
660 629 816 688 christani
835 631 892 686 [leo
920 627 1009 698 Patri,
1031 625 1131 686 dicens
1149 649 1155 686 ε
1174 629 1247 687 Con·

24 719 201 760 constrictus
222 719 377 759 monario.
394 731 428 744 -·
444 704 477 758 Et
493 705 546 760 hoc
561 719 608 760 ar·
660 705 835 760 summatum
850 705 906 770 cst3
924 699 967 756 rol
983 699 1053 756 elias
1067 703 1152 772 prout
1164 699 1249 757 devo-

25 775 105 832 tirulo
121 773 378 830 consummationis
390 775 478 830 totius
494 773 609 832 Passio·
660 774 699 831 tio
716 773 899 830 ministrabit.
916 773 989 834 Jesa.
999 773 1131 830 Salvator
1143 777 1246 838 nasta,

27 847 65 903 nis
82 847 205 903 habetur
226 845 438 914 documentum,
464 845 540 930 quod
558 861 610 902 nos
659 851 685 902 et
700 850 900 902 consummator
918 845 1035 914 ploriasi
1051 845 1152 915 operis,
1173 844 1249 916 quoti

27 918 54 974 in
76 917 133 974 stne
149 916 303 989 cujuslibet
319 917 384 974 honi
402 933 497 988 operis
516 923 611 990 partes
660 919 791 989 accepisti
805 933 822 973 a
834 919 916 973 Patre
930 915 1183 980 consummandum,
1219 916 1251 972 ui

28 991 166 1058 habeatis,
186 989 326 1068 dehemus
351 989 445 1046 lacere
467 1005 611 1047 summam
660 991 789 1060 incepisti
805 1003 874 1060 opus
889 993 966 1044 tuum
980 1003 1041 1044 cum
1062 989 1159 1044 multis
1172 934 1250 1044 logo·

28 1063 85 1132 ejus
97 1061 141 1116 vel
152 1060 309 1133 epilogum,
321 1065 348 1118 el
361 1060 402 1118 sic
414 1060 444 1118 in
457 1077 570 1118 summa
579 1060 611 1117 il·
659 1063 748 1125 ribus,
760 1065 786 1117 et
800 1061 994 1116 consummasti
1006 1060 1079 1117 iliad
1089 1075 1150 1116 cum
1161 1061 1252 1116 maai·

27 1133 73 1188 lud
87 1133 192 1188 offerre
204 1134 273 1190 Deo.
285 1131 314 1190 Si
329 1131 402 1204 quis,
415 1133 494 1190 verbi
508 1133 611 1205 gratia,
660 1136 713 1189 mis
726 1133 887 1200 delamenss
902 1137 929 1188 et
943 1131 1055 1188 tandem
1068 1147 1247 1189 consumma-

26 1220 73 1276 pro
94 1206 151 1261 Deo
169 1203 258 1261 radat
284 1207 416 1274 Romam,
445 1207 612 1277 perveniens
660 1208 761 1262 tionem
774 1207 859 1261 tatius
871 1206 1013 1261 Passionis
1027 1208 1080 1260 tus
1093 1205 1124 1260 in
1138 1219 1246 1262 samma

29 1275 62 1332 ad
84 1275 253 1346 terminum,
268 1291 368 1333 omncs
387 1291 488 1348 passus
506 1281 534 1333 et
550 1291 611 1334 om·
660 1279 714 1333 Deo
727 1279 806 1332 Patri
819 1276 956 1340 obtulisti,
976 1276 1071 1332 dicens
1091 1293 1099 1330 ε
1116 1275 1246 1333 consum·

30 1346 74 1402 nia
86 1347 207 1420 vestigia
222 1364 277 1406 sua
291 1347 394 1405 ollerat
409 1350 467 1406 Deo
484 1353 513 1406 et
527 1349 611 1406 beato
661 1353 766 1404 matum
784 1353 844 1416 θείς
871 1347 1042 1404 benedictum
1055 1349 1103 1418 sit,
1123 1349 1248 1412 Domina,

30 1419 119 1488 Petro,
132 1421 232 1477 dicens
249 1435 314 1476 curn
326 1419 440 1477 Christo
455 1437 462 1476 τ
476 1421 612 1477 Consum·
661 1435 696 1476 cc
710 1422 758 1476 hoc
772 1435 868 1476 nomen
880 1425 1006 1476 sanctam
1023 1424 1110 1488 tuam,
1131 1419 1249 1491 quincti

32 1495 132 1548 matum
147 1495 202 1549 ast.
228 1491 377 1558 Similiter,
399 1491 424 1548 si
447 1492 510 1563 quis
536 1492 612 1564 legat
662 1493 710 1548 hoc
724 1494 930 1560 consummasti,
945 1495 976 1548 ut
991 1506 1041 1546 nos
1059 1493 1146 1547 simas
1158 1494 1188 1548 in
1202 1491 1250 1548 ho·
1365 1519 1368 1528 ·
1457 1509 1458 1518 ¹

33 1561 201 1634 psalterium,
216 1561 249 1620 in
275 1563 343 1632 line,
362 1579 463 1620 omncs
476 1563 611 1692 psalmus,
661 1581 695 1621 ao
710 1566 901 1633 consummati,
916 1567 943 1620 ct
962 1563 1069 1619 inimici
1083 1563 1175 1620 nostri·
1189 1579 1250 1619 om·

31 1649 132 1704 tersus,
151 1641 179 1692 et
202 1636 291 1693 vertn
314 1634 402 1692 totius
427 1651 478 1709 psa
491 1634 554 1692 terii
582 1635 612 1692 in
661 1638 883 1707 nesconsumpti.
895 1638 969 1704 ltopo
984 1640 1020 1704 te,
1038 1633 1075 1690 da
1087 1635 1158 1690 mihi
1172 1651 1249 1690 man·

34 1719 137 1762 summa
151 1707 257 1764 alferat
273 1709 348 1776 Dco;
364 1711 393 1764 ct
405 1710 446 1765 sic
460 1709 497 1764 ds
512 1706 612 1764 simili·
662 1709 731 1765 anta
752 1713 802 1766 tao
818 1710 964 1779 perticere3
980 1711 1006 1764 el
1020 1709 1051 1763 in
1065 1709 1121 1762 tuis
1139 1707 1252 1764 uirtuti·

33 1774 89 1832 bns.
105 1779 143 1833 lta
158 1778 249 1836 etiam
270 1779 390 1836 tacimus
405 1781 435 1836 in
452 1779 548 1837 olllcio
565 1795 612 1837 ec·
663 1781 713 1836 hus
738 1783 884 1852 pmpccra,
903 1796 935 1836 ae
958 1781 1051 1837 omnia
1077 1794 1126 1850 per
1150 1793 1202 1843 mo,
1227 1783 1254 1834 te

34 1849 191 1920 clesiastico,
206 1851 287 1923 quod
303 1865 418 1923 semper
431 1850 462 1908 in
480 1852 537 1908 stne
549 1867 613 1908 cnm
662 1857 801 1924 operante,
816 1853 881 1908 hene
895 1857 959 1908 acta
972 1857 998 1909 et
1016 1865 1101 1924 possa
1117 1851 1158 1907 aa
1176 1855 1253 1907 tasum

34 1917 140 1977 collecta
152 1922 356 1992 concluditur;
377 1937 441 1995 qnae
463 1927 491 1980 et
507 1923 613 1980 idcirco
664 1925 775 1980 lauaem
788 1939 995 1991 consummares
1012 1928 1200 1980 consummato
1215 1923 1251 1978 a·-

35 1989 143 2074 collcrla
155 1993 273 2060 dicitur,
287 1997 356 2066 qnia
371 1993 400 2052 in
422 1995 471 2052 illa
484 1994 614 2052 oratione
664 1995 692 2051 at
708 2001 734 2052 et
756 2011 807 2067 per
825 2001 851 2052 te
874 1997 929 2052 noo
944 1998 1022 2052 Patri
1040 1995 1149 2066 offerre,
1163 1999 1196 2050 ut
1222 1996 1252 2050 in

37 2065 90 2117 tota
100 2079 139 2120 ns
151 2064 226 2124 illius
243 2065 334 2123 olllcii
351 2065 434 2140 qnasi
457 2065 487 2124 in
502 2081 615 2124 summa
663 2069 731 2123 hara
748 2069 845 2124 mortis
857 2069 962 2139 possim
972 2067 1062 2122 nlicere
1077 2085 1085 2121 ε
1103 2069 1182 2130 lices,
1196 2069 1249 2122 llo·

38 2139 76 2188 cst
97 2135 233 2195 collectio.
252 2137 360 2196 Eodem
379 2139 531 2196 modohoc
549 2153 613 2195 ver·
663 2141 761 2205 mine,
793 2141 981 2194 consummaui
1005 2143 1032 2194 ct
1054 2140 1160 2210 perfeci
1183 2151 1254 2208 opas

40 2202 111 2285 bunt,
125 2218 355 2268 consummatum
366 2215 418 2282 cst,
432 2209 486 2268 luit
497 2211 615 2268 collecta
664 2211 739 2284 quaa
756 2209 861 2266 dedisti
872 2212 943 2266 mihi
957 2214 988 2266 at
997 2211 1127 2278 (orarem
1140 2213 1167 2266 et
1179 2225 1251 2265 marte

41 2277 118 2333 totius
140 2281 288 2340 Passionis
307 2283 422 2350 Christi,
442 2282 513 2340 citra
536 2298 613 2339 mor·
664 2285 743 2338 anno
758 2283 797 2338 aa
815 2287 841 2338 te
861 2285 1028 2350 Moaistrum
1047 2297 1135 2338 mam
1148 2285 1175 2338 at
1198 2283 1255 2338 llo·

41 2349 99 2428 tom.
113 2381 147 2392 -
165 2353 208 2410 ld
232 2354 474 2412 conformandum
499 2370 530 2412 se
549 2354 615 2412 huic
665 2357 770 2410 minum
784 2355 875 2410 sesam
894 2355 1051 2420 christanus
1067 2359 1094 2410 et
1121 2359 1185 2410 tune
1204 2367 1259 2408 mc·

42 2421 158 2494 articulo,
173 2425 325 2499 recolligat
340 2428 425 2484 homo
444 2427 569 2485 breviter
585 2425 615 2482 in
666 2443 730 2482 reor
746 2426 839 2483 uidem
852 2428 925 2495 (aem
943 2426 1105 2500 adfaciem,
1121 2431 1149 2483 at
1166 2425 1256 2484 mnis

41 2501 140 2550 sumna
174 2513 279 2557 omncs
312 2497 448 2557 arhcalos
472 2497 615 2557 Passionis
670 2501 915 2556 consummationis
929 2501 1023 2572 linem

585 2677 719 2740 onusto

73 2830 182 2916 Domine
194 2839 265 2896 lesu
283 2836 405 2908 Christe,
419 2837 468 2911 qui
481 2839 553 2897 hora
563 2837 620 2896 diei
635 2843 714 2896 serta
729 2839 805 2898 luisti
819 2847 888 2898 ante
904 2855 1018 2898 crucem
1035 2841 1100 2897 tino
1114 2841 1260 2912 myrrhato

45 2913 86 2956 scu
98 2903 180 2965 lelhto
194 2913 318 2974 notetus,
334 2925 367 2966 ac
383 2909 553 2977 denudatus,
565 2916 594 2968 ct
610 2911 666 2968 tuis
681 2910 810 2969 vestibus
824 2909 974 2982 spoliatus,
989 2911 1020 2968 in
1040 2910 1171 2968 manibus
1186 2927 1260 2984 quo·

44 2985 89 3038 qne
101 2979 127 3029 el
147 2981 267 3050 petiam
295 2979 382 3037 clavis
398 2981 573 3040 acutissimis
598 2983 769 3054 perforatus,
785 2987 814 3039 et
834 2981 989 3040 durissima
1012 2985 1091 3040 cruci
1105 2983 1217 3054 affixus,
1231 2982 1261 3040 in

45 3055 217 3120 truncantem
234 3051 356 3126 positus,
374 3069 392 3110 a
414 3053 512 3112 multis
525 3055 739 3128 blasphematus
762 3059 790 3110 ct
804 3053 927 3122 derisus,
945 3061 974 3112 et
990 3055 1094 3112 iterum
1113 3059 1194 3114 aceto
1210 3071 1262 3112 sou

46 3125 100 3192 uno
114 3125 220 3180 acetoso
233 3129 361 3197 potatus,
377 3123 415 3182 da
428 3125 510 3196 mihi,
526 3126 574 3200 qni
591 3125 712 3198 peccatis
729 3125 800 3182 meis
813 3141 926 3183 crucem
942 3125 1044 3190 merui,
1055 3132 1086 3183 ut
1097 3125 1127 3183 in
1141 3132 1169 3184 ta
1183 3125 1260 3199 aspi·

47 3199 122 3260 nens,
134 3195 208 3252 totus
222 3195 351 3254 totaliter
367 3213 452 3254 carna
467 3204 496 3256 et
510 3197 612 3271 spiritu
628 3197 794 3267 transfigar,
804 3197 941 3270 omnique
955 3197 1061 3270 iniuria
1073 3202 1102 3254 et
1116 3203 1263 3256 contume-

47 3249 77 3309 ln
89 3273 118 3314 ac
132 3266 294 3326 contusione
310 3273 484 3342 matsmpta,
500 3275 593 3328 tecum
609 3269 688 3328 cruci
702 3269 820 3344 affigam
832 3275 865 3327 ut
879 3284 931 3326 nec
944 3267 1054 3342 aliquid
1062 3268 1198 3340 sentiant,
1208 3266 1262 3326 nisi

50 3327 72 3380 ¹³
83 3327 181 3410 taum,
194 3341 233 3412 tc,
247 3337 378 3416 inquam,
392 3341 570 3401 crncifimm.
586 3345 687 3402 Amen.

520 3679 661 3752 CAPUT
681 3679 784 3752 txtv

395 3891 433 3937 tlt:
455 3889 546 3950 NONA,
569 3891 601 3938 trt
622 3889 766 3939 rasstottn
780 3891 901 3941 noltttt.

54 4033 160 4107 Mathai
184 4073 246 4133 cap,
262 4065 368 4134 xxva,
384 4063 470 4122 Marci
484 4079 547 4138 cop.
561 4065 618 4136 xv,
647 4067 729 4128 Lucse
742 4067 906 4140 cap.llltll1
926 4073 956 4126 at
972 4067 1093 4126 loannis
1108 4043 1176 4142 caps
1193 4069 1267 4128 lllll.

58 4247 308 4378 jflsgssnrnnemrro
327 4269 439 4354 panisar
460 4288 618 4329 uontausnr.
745 4272 801 4330 iter
819 4272 942 4358 siccatur
968 4275 1028 4348 ipse
1053 4275 1117 4332 lons
1136 4273 1211 4342 ritae,
1238 4279 1266 4329 ot

56 4371 123 4446 brie!
136 4341 620 4474 ‹lasesffsicogstabfflssnente-mgu'
697 4345 796 4428 alcedo
823 4345 954 4404 cordium
980 4352 1155 4430 nostrorum,
1183 4347 1267 4458 lesus

236 4451 243 4481 s
289 4427 368 4487 prata
437 4429 620 4488 osanamam,
677 4417 814 4476 Dominus
836 4423 902 4476 tuus
915 4423 1141 4486 amantissimus,
1158 4419 1187 4472 et
1205 4431 1252 4474 ont
