3036 5042
386 387 423 442 llll
453 389 567 452 tbltlt,
599 390 627 443 bv
660 391 819 444 Pisslbltl
849 387 978 442 bbhlll.
1267 388 1301 439 63

79 504 230 558 cumentum
244 505 296 568 est,
314 499 390 570 quod
408 514 459 570 pro
478 501 606 570 tempore
620 501 649 554 et

79 569 648 642 locoexoeditstultitiamaimulare;undo

79 645 146 716 quod
168 642 301 700 Dominus
322 643 379 714 ipse
405 642 469 698 ione
499 639 648 714 sapientia

78 731 164 772 coram
178 715 288 772 llerode
302 730 355 797 pro
374 713 461 770 stulto
485 711 586 795 haberi
601 712 646 769 di-

77 792 168 868 gnatus
181 791 233 854 est,
249 803 282 844 ex
304 785 585 858 incomprehensibili
601 801 647 842 sa-

76 858 173 929 pientia
185 873 235 915 sua
245 857 396 930 prooessit;
408 856 485 930 quia,
497 859 521 914 si
533 854 648 939 Sapien-

75 929 137 986 tiam
149 929 240 988 vorbis
254 929 297 986 vel
314 928 395 986 lactis
413 945 444 986 se
465 929 647 998 ostendisset,

76 1001 191 1060 Herodes
209 1001 307 1074 utique
328 1001 493 1058 Passionem
513 1001 574 1072 ejus
594 1002 648 1057 im-

75 1071 405 1144 pedivisset-Tertium
414 1072 648 1144 est,quodhomo

76 1145 137 1201 nihil
156 1150 264 1217 quaerat
285 1143 316 1200 in
334 1144 469 1213 vestibus,
483 1160 542 1200 uon
561 1161 648 1202 orna-

75 1221 206 1286 tum,non
233 1215 452 1290 pretiositatem,
478 1215 528 1272 sed
556 1216 649 1273 solum

75 1287 282 1358 necessitatem,
305 1290 371 1415 ium
396 1287 526 1346 Salvator
553 1293 649 1344 noster

75 1359 100 1416 in
119 1365 189 1417 veste
208 1360 288 1417 velut
318 1365 402 1417 atuus
422 1365 466 1416 est
489 1358 595 1416 illusus.
614 1389 649 1404 -

74 1431 111 1488 dd
129 1431 362 1489 conformandum
383 1447 414 1488 se
430 1431 496 1488 huic
516 1431 648 1502 articulo,

75 1504 236 1574 regradetur
251 1504 338 1560 homo
348 1505 418 1571 Deo,
428 1501 504 1576 quod
519 1505 578 1574 ipse
597 1521 648 1559 no-

75 1574 122 1642 bis,
139 1591 201 1632 cum
216 1592 271 1632 sua
285 1573 428 1642 illusione,
443 1581 549 1632 vestem
564 1574 648 1632 inno·

74 1646 164 1704 centia
188 1647 321 1704 conterre
345 1646 475 1718 diguatus
491 1655 550 1714 est3
567 1645 647 1711 item,

74 1718 199 1790 recogitet
217 1718 342 1791 qualiter
361 1717 422 1790 ipse
437 1713 587 1776 candidam
600 1735 648 1774 vo-

73 1795 136 1846 stcm
148 1790 321 1848 innocentiae
333 1789 510 1862 baptismalis
519 1789 649 1862 denigra-

74 1860 116 1928 vit,
134 1867 160 1918 el
183 1869 254 1932 oret,
278 1861 377 1918 diceus
393 1878 399 1916 :
413 1864 488 1931 lesu,
505 1865 555 1932 qui
576 1867 650 1918 ueste

72 1934 128 1988 elba
152 1935 241 2006 indui,
254 1941 284 1990 et
304 1939 335 1990 ut
356 1935 459 1990 stultus
484 1935 520 1989 ab
543 1935 650 1990 Herode

72 2005 148 2060 illudi
161 2007 287 2076 uoluisti,
302 2006 339 2062 do
357 2007 427 2060 mibi
445 2006 544 2061 muudi
566 2007 650 2077 liujus

72 2078 245 2146 penitentiam,
257 2093 322 2149 qua
332 2079 456 2134 stultitia
469 2083 509 2132 est
520 2079 597 2150 apud
612 2083 648 2146 te,

73 2153 170 2205 cautius
183 2150 336 2218 declinare,
347 2154 373 2205 et
383 2149 422 2208 ad
433 2153 468 2218 te,
480 2152 530 2220 qui
543 2165 609 2206 uera
623 2165 650 2205 es

74 2221 209 2292 Sapientia
225 2223 383 2294 peruenire.

105 2294 276 2364 1911111115
291 2309 500 2348 couvmnnnsvvo
515 2309 595 2348 vnvm
607 2293 650 2347 Pv-

72 2379 149 2420 mruv
161 2383 191 2421 nr
203 2367 340 2422 lisnoonu
351 2381 414 2427 oum
426 2365 543 2420 svuunrl
562 2397 584 2404 -
598 2365 649 2420 lle·

73 2436 147 2492 rodes
164 2443 269 2506 auum,
293 2451 357 2492 cum
379 2451 436 2490 non
455 2433 596 2491 inveniret
621 2437 649 2491 in

73 2506 172 2566 Cirrislo
187 2523 307 2565 cansam
323 2505 594 2575 mortis,illusumet
604 2506 648 2563 in-

71 2577 161 2636 dutum
175 2585 251 2637 veste
264 2579 334 2637 alba
344 2580 452 2634 remisit
464 2579 501 2634 ad
514 2581 648 2648 Pilatum,

72 2657 97 2704 ut
110 2667 170 2708 eum
187 2652 355 2718 honoraret,
370 2649 444 2706 sicut
469 2649 575 2706 Pilatus
594 2650 648 2708 sibi

71 2721 209 2780 detulerat.
218 2723 251 2780 ln
260 2739 321 2796 quo
332 2723 393 2794 ipse
407 2723 545 2794 probatur
557 2721 585 2778 in
602 2739 650 2778 ne·

72 2807 124 2848 cem
144 2795 255 2852 bomini
277 2797 473 2862 consensisse;
491 2794 555 2864 quin
572 2793 648 2850 enim

72 2864 117 2919 tuit
134 2865 184 2922 sihi
200 2866 308 2924 missus
321 2869 467 2936 tamquam
487 2866 572 2922 homo
590 2881 649 2922 suae

72 2934 186 3002 ditionis,
202 2954 268 2996 cum
285 2953 344 2994 non
365 2936 475 2992 invenit
488 2939 517 2992 in
532 2953 566 2993 eo
580 2953 647 2994 cau·

71 3022 134 3076 sam,
146 3010 293 3068 debuisset
303 3023 367 3065 eum
379 3008 538 3076 absolvers,
549 3012 577 3065 et
592 3025 649 3065 non

72 3079 157 3136 alieno
168 3081 257 3152 judici
272 3079 431 3138 remittere.
446 3079 561 3137 Remisit
581 3096 649 3152 ergo

72 3166 129 3207 eum
151 3153 276 3210 Herodes
304 3151 405 3220 Pilato,
422 3153 502 3224 qcvnsi
517 3150 647 3208 diceret:

73 3223 120 3277 Fac
134 3224 168 3280 de
182 3240 216 3281 eo
231 3223 374 3298 quidquid
388 3223 522 3280 volueris.
534 3225 568 3280 Et
578 3223 649 3279 lorte

73 3293 167 3352 similia
180 3297 270 3354 verba
286 3295 341 3352 sibi
359 3293 547 3351 remandavit.
562 3297 596 3351 Et
611 3297 650 3351 siu

73 3366 200 3424 Dominus
210 3384 274 3426 cum
286 3373 354 3424 nota
363 3365 501 3424 illusionis
511 3367 650 3440 pormndo

74 3445 170 3494 vestem
184 3441 281 3497 atham
298 3437 392 3508 rediit,
406 3444 434 3495 et
449 3438 568 3494 Herodis
582 3455 650 3494 con-

72 3523 178 3568 sensum
189 3511 287 3568 desua
300 3525 471 3568 necesecum
481 3509 590 3567 detulit.
602 3511 652 3566 llic

73 3586 161 3637 autom
173 3597 331 3638 consensus
344 3579 474 3654 apparuit
487 3581 567 3653 signo
578 3585 605 3638 et
614 3581 652 3638 ta-

73 3657 112 3706 cto
128 3669 134 3708 ι
148 3651 228 3726 signo
245 3653 373 3726 quidem,
389 3655 415 3708 in
432 3652 515 3709 vestis
530 3654 602 3710 albae
616 3653 652 3709 il·

74 3721 188 3793 lusione;
204 3725 291 3792 laeto,
308 3724 339 3780 in
353 3723 485 3782 amicitia
506 3725 650 3782 contaede-

75 3793 189 3864 ratione,
204 3812 274 3852 nam
291 3801 316 3852 et
332 3799 404 3864 sacti
420 3799 582 3852 anatomici
597 3799 651 3852 He-

74 3866 145 3921 rodes
158 3873 184 3924 et
200 3869 312 3924 Pilutus
328 3870 359 3922 iu
379 3869 444 3942 ipsa
467 3868 522 3931 die,
536 3872 653 3939 propter

74 3943 195 3994 mutuam
208 3939 398 3996 reverentiam
412 3937 466 3994 sihi
483 3939 602 3995 invicem
614 3939 627 3994 i
642 3970 653 3980 ·

75 4011 153 4064 ctam.
166 4013 237 4068 Nara
254 4016 336 4066 anteo
351 4011 457 4066 iniuriat
468 4017 545 4066 crant
560 4011 598 4066 ad
611 4014 653 4066 ia·

74 4082 163 4148 uicem,
187 4089 304 4154 propter
334 4097 431 4138 necem
461 4081 652 4150 Galilaeorum,

76 4166 116 4218 qur
129 4153 163 4208 de
179 4152 299 4208 llccodis
312 4156 500 4224 prepositura
513 4163 541 4209 et
560 4153 651 4210 domi-

76 4221 119 4278 nio
133 4227 224 4293 erent,
238 4239 311 4295 qnos
324 4225 429 4281 Pilatus
447 4224 590 4280 occiderat
604 4227 653 4280 mi-

76 4307 150 4352 scens
163 4293 333 4368 saviguineur
349 4311 447 4356 eorum
464 4313 527 4354 cum
543 4295 651 4354 sacriti-

79 4361 124 4421 ciis
135 4381 197 4438 qua
216 4367 377 4426 educebant
387 4386 395 4436 ;
411 4369 459 4424 eod
480 4385 554 4426 nuno
569 4385 654 4442 super

704 498 758 556 hoc
772 495 971 554 reconciliatus
985 500 1028 553 est
1048 496 1155 554 Pilatus
1172 498 1288 570 llorodi,

704 569 770 642 quia
783 585 836 641 pro
852 570 926 626 bono
949 567 1049 626 hahuit
1068 571 1194 627 llarodes
1214 571 1289 642 quod

705 641 812 698 Pilatus
831 640 884 697 sibi
905 641 1057 709 detulerat,
1076 641 1214 698 mittendo
1238 641 1291 700 sibi

704 712 862 782 hominem,
873 728 958 784 quem
972 711 981 768 i
1003 729 1033 769 se
1047 711 1143 770 videre
1156 713 1205 771 diu
1220 711 1292 770 desi·

705 785 865 841 donaverat.
876 783 921 842 Sic
932 729 1013 867 musii
1030 785 1195 858 frequenter
1208 785 1291 844 amici

705 861 735 913 et
758 857 913 912 concordes
935 872 964 912 in
992 857 1232 914 condemnatione
1248 857 1293 916 vel

707 927 1294 1002 nocumentoinnocentiumtiuut,quinn-

706 998 1292 1072 teasihiipsisinvicemcontvaviiluerunt.

707 1073 772 1128 Hac
784 1077 880 1128 autern
893 1071 1018 1128 amicitia
1032 1071 1115 1129 Pilati
1128 1077 1157 1129 et
1172 1073 1293 1132 llerodis

705 1143 759 1200 luit
774 1142 897 1216 signum,
915 1145 991 1215 quod
1011 1143 1102 1200 ludaei
1121 1149 1150 1201 et
1168 1145 1293 1203 Gentiles

706 1215 891 1272 convenirent
905 1213 935 1271 iu
950 1217 1145 1288 persecutione
1159 1217 1294 1275 Christia-

706 1303 820 1344 norum.
835 1287 914 1343 Unde
926 1288 1001 1343 Beda
1017 1305 1023 1343 :
1040 1309 1054 1339 «
1068 1289 1127 1344 Hoc
1142 1289 1292 1346 notandis-

706 1359 807 1416 simum
825 1358 942 1415 Herodis
957 1365 985 1415 et
1000 1359 1084 1416 Pilati
1100 1360 1203 1430 loedus,
1238 1363 1294 1419 uod

706 1429 735 1486 iu
748 1429 904 1487 occidendo
913 1431 1025 1488 Christo
1038 1430 1217 1504 pepigerunt,
1249 1450 1293 1490 ac-

707 1505 791 1558 tenus
814 1518 913 1559 eorum
935 1504 1011 1559 velut
1034 1503 1208 1560 hereditario
1233 1506 1294 1562 ‘ure

706 1589 885 1654 successores
900 1573 1078 1644 custodiunt,
1095 1577 1207 1648 quando
1223 1521 1294 1633 tien·

707 1644 770 1701 tiles
783 1650 812 1702 et
823 1647 838 1703 J
843 1645 915 1702 udaei
931 1648 1004 1702 sicut
1017 1662 1122 1718 genero
1137 1651 1167 1704 et
1182 1647 1295 1720 religio-

708 1733 754 1786 ne,
770 1717 810 1774 ila
836 1716 923 1774 etiam
948 1725 1043 1775 meato
1069 1717 1247 1788 dissidentes,
1264 1719 1294 1776 iu

707 1789 876 1846 Christianis
887 1797 981 1846 tamen
992 1791 1293 1874 persequendis‚Chri·

705 1859 798 1932 sliquo
824 1861 854 1917 in
884 1861 926 1918 eis
952 1861 1009 1918 ilde
1051 1865 1293 1934 ervmeuda,con·

706 1932 835 1990 sentiunt
851 1950 858 1988 ι
876 1953 889 1983 e
906 1935 967 1990 hac
981 1937 1017 1989 lle
1039 1951 1065 1990 a.
1085 1935 1183 1991 Potest
1206 1937 1293 1993 etiam

706 2004 768 2060 haec
789 2003 913 2061 amicilia
935 2009 964 2061 in
987 2006 1063 2062 bono
1079 2005 1179 2077 acciet,
1195 2012 1223 2063 et
1243 2024 1293 2078 per

706 2074 890 2132 covrcordiam
902 2077 1021 2131 llorodis
1032 2083 1061 2134 et
1074 2077 1167 2144 Pilati,
1178 2095 1293 2135 concor·

706 2147 754 2202 dia
777 2146 873 2276 peguli
888 2146 999 2203 ludaiei
1013 2152 1047 2228 ¹et
1066 2149 1185 2205 Gentilis
1200 2149 1294 2223 signi-

706 2218 797 2276 ficari.
831 2217 888 2274 icut
899 2219 976 2274 enim
989 2219 1097 2276 Pilatus
1113 2219 1203 2290 urimo
1217 2219 1294 2277 misit

705 2293 803 2347 lesum
814 2291 849 2346 ad
863 2292 1049 2354 Herodemet
1059 2292 1184 2348 Herodes
1194 2299 1293 2365 postea

706 2363 732 2417 ei
750 2361 874 2430 remisit;
892 2363 932 2418 sio
946 2365 1064 2420 verbum
1083 2363 1182 2420 salutis
1201 2365 1294 2436 primo

707 2433 814 2505 recepit
848 2434 950 2506 opulus
966 2433 1093 2495 (lentills,
1108 2441 1137 2491 et
1151 2440 1293 2492 annunti-

706 2507 764 2562 avit
779 2507 813 2561 lu
835 2509 898 2572 ais3
909 2505 939 2561 in
955 2505 1012 2562 line
1024 2513 1120 2563 autem
1134 2508 1231 2564 mundi
1244 2507 1293 2565 ite·

705 2593 769 2633 rum
792 2578 906 2634 tudaeus
932 2577 1057 2634 remittet
1081 2579 1117 2635 ad
1140 2579 1291 2650 Gentilem,

706 2648 821 2720 quaudo
843 2665 894 2720 per
915 2649 1004 2706 Etiam
1027 2655 1055 2706 et
1075 2652 1191 2708 choch
1212 2652 1291 2709 multi

705 2725 916 2778 convertentur.
943 2723 990 2776 lsti
1020 2721 1074 2778 duo
1101 2721 1198 2796 populi
1227 2730 1293 2781 aute

706 2800 828 2848 mortem
840 2790 943 2849 Christi
958 2804 1040 2849 erant
1053 2793 1160 2850 inimici
1176 2795 1230 2852 sibi
1246 2795 1291 2850 in-

706 2866 797 2920 vicem
812 2871 840 2920 et
857 2863 1012 2932 discordes,
1027 2865 1077 2920 sed
1089 2871 1152 2936 post
1170 2871 1291 2924 mortem

707 2933 812 2992 Christi
828 2935 893 2990 tacti
911 2939 977 2991 sunt
991 2935 1075 2992 amici
1090 2945 1118 2993 et
1137 2939 1294 2996 concordes

706 3005 735 3062 in
752 3007 807 3062 lide
821 3008 898 3079 ejus;
915 3005 981 3078 quia
991 3011 1051 3077 ipse
1062 3013 1101 3063 est
1114 3025 1172 3079 pau
1186 3016 1291 3079 nostra,

707 3081 756 3149 qui
770 3081 837 3144 fecit
850 3083 968 3150 utruque
980 3095 1073 3134 uuum.
1087 3081 1166 3136 Unde
1177 3082 1294 3138 Ambro-

706 3153 765 3205 sius
782 3167 789 3205 :
811 3169 825 3203 u
842 3152 872 3205 ln
888 3153 953 3221 typo
965 3149 1052 3206 etiam
1071 3151 1189 3207 Herodis
1208 3157 1294 3224 atque

709 3221 801 3290 Pilati,
818 3219 884 3291 quia
899 3219 983 3276 amici
997 3237 1030 3277 ex
1046 3220 1170 3277 inimicis
1184 3239 1233 3293 per
1246 3227 1294 3281 Je-

708 3309 771 3349 sum
784 3292 929 3349 Christum
940 3293 1006 3348 laeti
1017 3298 1091 3361 sunt,
1103 3293 1193 3365 plebis
1207 3295 1294 3352 lsrael

708 3371 736 3421 et
763 3365 860 3438 populi
886 3363 1007 3420 Gentilis
1032 3365 1125 3436 figura
1153 3372 1294 3438 servatur,

709 3435 1295 3512 quodper[iominiPassionevuutriusque

707 3514 744 3564 sit
771 3508 867 3565 lutura
895 3507 1059 3578 concordia,
1085 3511 1124 3565 ite
1146 3514 1243 3566 umen
1265 3517 1296 3568 ut

708 3579 787 3652 prius
808 3579 932 3652 populus
958 3580 1106 3636 nationum
1132 3581 1226 3653 capiat
1245 3581 1297 3639 liei

710 3653 839 3719 verbum,
856 3656 885 3707 et
906 3651 942 3707 ad
967 3651 1104 3724 populum
1132 3653 1298 3712 ludaeorum

708 3723 776 3780 ildei
790 3739 849 3780 suae
865 3723 1046 3778 devotionem
1064 3724 1240 3781 transmittat
1256 3743 1262 3783 :
1282 3747 1293 3776 s

709 3795 770 3852 haec
785 3795 959 3850 Ambrosius.
980 3795 1002 3850 0
1026 3800 1132 3866 quanta
1151 3795 1298 3854 humilitas

709 3871 736 3924 et
759 3864 896 3939 patientia
915 3865 1027 3922 Domini
1049 3868 1129 3934 lesu,
1147 3867 1195 3938 qui
1210 3868 1246 3925 de
1265 3885 1296 3926 se

709 3939 791 4010 quasi
807 3937 843 3994 de
857 3938 936 3993 iatuo
951 3936 1136 4010 permittebat
1147 3938 1238 3997 malos
1253 3941 1295 3998 lu·

709 4011 787 4074 dere,
801 4008 913 4064 mittere
927 4025 958 4065 se
972 4013 1000 4064 ct
1012 4009 1168 4080 remittere,
1180 4017 1208 4066 et
1220 4011 1297 4084 quod

709 4081 842 4138 volebant
857 4079 966 4136 tacerel
986 4082 1062 4137 liano
1077 4089 1171 4138 autem
1186 4082 1297 4141 missio·

710 4169 775 4208 nem
789 4153 849 4224 ipse
865 4152 999 4208 [lominus
1017 4151 1079 4208 lieri
1096 4153 1297 4210 voluitadma-

707 4225 801 4296 joram
817 4231 844 4280 et
858 4223 1065 4280 evidentiorem
1081 4241 1139 4280 suae
1154 4225 1297 4282 innocen-

710 4295 758 4354 tiae
781 4294 986 4353 ostensionem.
1003 4297 1116 4352 intuere
1141 4312 1206 4354 eum
1222 4312 1299 4352 nvvnc

711 4369 794 4437 bene,
811 4367 879 4426 dum
894 4365 1006 4426 ducitur
1024 4371 1053 4424 et
1072 4367 1225 4432 reducitur,
1239 4367 1296 4426 do-
