3036 5042
355 369 609 457 Diu'tttttttthts,
639 371 667 423 tit
699 371 859 424 i'hSSlUit'h'
889 371 1014 424 uotttst.
1275 369 1305 427 Π

82 481 153 538 dinis
176 477 337 537 concitavit.
358 477 479 545 sUnde,
503 477 659 532 secundum

81 555 279 621 Aupustiaum,
302 549 399 606 (lirina
420 546 493 604 Petri
520 545 662 620 respectio

82 623 148 681 nihil
163 623 243 680 atiud
257 623 318 689 t'uit,
330 621 383 677 nisi
398 619 513 676 traditio
528 621 554 674 in
565 623 662 676 mente

82 697 150 768 ejus.
166 696 279 767 quoties
285 693 343 766 jem
355 691 506 750 Dominum
518 699 661 761 negasset,

82 773 108 825 et
122 769 173 824 boc
188 765 266 838 quod
283 764 416 821 Dominus
429 761 456 818 ei
464 761 661 890 Braediiissem

81 843 161 910 atque
171 837 210 894 ita
225 834 447 894 misericorditer
488 835 662 892 ominosum

80 910 257 983 respiciente,
271 907 419 982 poeniteret
441 911 470 963 et
485 907 576 974 tieret,
592 904 664 962 sicut

81 983 200 1041 solemus
211 980 322 1037 dicere:
337 979 467 1047 Domine,
480 977 588 1060 respice
603 991 663 1046 me;

81 1059 108 1110 et
122 1051 243 1125 respexit
258 1066 323 1108 eom
335 1049 481 1118 Dominus,
495 1065 542 1122 qur
556 1051 663 1121 absque

82 1125 215 1198 periculo,
231 1123 329 1180 divina
344 1120 541 1203 misericordia
558 1120 662 1178 tibera-

83 1203 125 1253 tus
139 1195 382 1254 est..flecordatus
401 1199 441 1250 est
462 1207 540 1250 emm
569 1195 664 1248 t'etrus

82 1269 154 1324 nubi
167 1271 231 1324 iesu
248 1267 323 1339 quod
340 1267 450 1322 dinerot
470 1284 479 1320 ε
498 1267 665 1336 Priusquam

83 1341 171 1410 pullus
185 1345 289 1406 contet,
303 1345 343 1394 ter
351 1353 392 1393 me
401 1337 524 1406 uepubis.
541 1337 604 1419 tinec
617 1353 665 1393 au·

83 1418 134 1469 tem
150 1411 311 1468 recordatio
333 1409 385 1466 tuit
397 1408 508 1465 initium
523 1414 664 1480 peaniten-

82 1485 125 1540 tiae
145 1485 214 1556 ejus.
229 1482 311 1552 quia,
326 1484 482 1538 secundum
505 1483 663 1550 chrysosto-

83 1571 161 1619 mum,
178 1553 247 1610 nihii
265 1552 548 1618 itacuratdotictum,
564 1559 593 1608 ut
608 1566 665 1608 me·

83 1625 169 1683 moria
180 1625 298 1683 Domini
314 1627 459 1681 continua.
477 1623 555 1680 Unde
567 1621 606 1679 eit
618 1625 665 1679 De-

83 1699 132 1754 de:
150 1719 163 1752 e
184 1696 367 1770 Respiciente
382 1711 447 1752 eum
461 1694 592 1762 Domino,
613 1697 664 1751 Pe-

84 1775 139 1826 trus
149 1771 183 1827 ad
196 1785 246 1826 cor
261 1783 394 1824 reversus
406 1768 544 1823 maculam
558 1764 666 1848 negeti-

85 1840 142 1898 onis
154 1857 210 1899 suae
223 1840 402 1914 poenitentiae
418 1837 550 1912 lacrymis
564 1843 663 1920 tergm

85 1913 215 1995 quianon
231 1912 325 1969 sotum
342 1927 404 1968 crim
420 1909 513 1978 suitur
526 1916 663 1992 preniten-

83 1989 130 2054 tia,
146 1983 335 2042 verumetiam
351 1989 381 2040 ut
396 1991 498 2054 agatur
512 1981 562 2038 Dei
577 1995 664 2036 mise-

85 2055 199 2114 ricordia
217 2054 383 2113 necessaria
402 2058 461 2121 est,
486 2055 561 2110 unde
586 2051 663 2108 Psal-

86 2127 179 2185 miste:
196 2125 526 2199 Usquequoeuottubitur
536 2127 664 2180 iuimicus

85 2215 152 2255 meus
161 2215 243 2272 super
258 2215 312 2263 me,
326 2201 430 2270 respice
452 2203 478 2254 et
492 2197 597 2252 eeeudi
611 2211 663 2262 me,

86 2273 190 2328 Domine
200 2273 276 2328 Deus
289 2285 374 2338 meus,
390 2268 419 2326 id
433 2275 476 2326 est
487 2267 622 2324 miserere
636 2271 666 2323 et

86 2342 197 2414 adiuva:
215 2362 229 2396 o
250 2343 315 2398 haec
333 2341 417 2398 Dedo.
438 2343 539 2397 Petrus
557 2344 663 2407 autem,

87 2429 254 2486 cognoscens
271 2412 350 2484 qnod
376 2411 513 2469 Dominus
528 2426 591 2468 eum
613 2425 663 2466 au·

87 2485 171 2542 dierat
184 2491 212 2544 et
229 2490 406 2554 respexerat,
427 2487 455 2540 et
466 2484 520 2540 boc
534 2485 665 2554 respectu

88 2559 284 2624 commonitus,
297 2561 323 2612 et
347 2555 383 2612 ad
397 2569 510 2612 amaras
525 2555 664 2636 iacrymas

88 2640 262 2699 provocatus,
279 2643 403 2696 opressus
414 2629 503 2696 (orus,
519 2625 554 2681 de
570 2625 664 2682 medio

89 2701 229 2770 matorum,
242 2703 322 2756 inter
335 2715 407 2770 qnos
421 2713 485 2755 eum
501 2702 663 2766 negiirerat.

89 2779 113 2826 et
127 2773 235 2835 tueiens
248 2772 280 2828 in
296 2785 423 2838 caveam,
439 2767 526 2826 senio
542 2769 664 2836 ioveanr,

88 2857 145 2912 quie
155 2845 238 2901 rnodo
251 2841 320 2927 gatti
331 2847 431 2899 cantus
443 2841 665 2922 appellatur,lte·

87 2917 123 2970 uit
136 2931 235 2984 amore,
253 2914 284 2971 rd
300 2919 343 2970 est
357 2913 450 2969 cordis
465 2915 510 2969 sui
527 2917 664 2970 amaritu-

88 2985 157 3052 dine,
173 2993 201 3045 et
218 2989 291 3044 ttetu
305 2983 495 3052 contritionis,
518 2983 565 3056 qui
586 2997 664 3040 ama-

88 3071 131 3112 ros
139 3067 188 3115 est.
196 3061 293 3116 Fletus
301 3064 393 3116 autern
403 3055 613 3112 devotionisest
622 3069 665 3110 su-

87 3131 226 3188 missimus
240 3131 272 3187 in
292 3133 403 3188 tautum
419 3133 448 3183 ut
465 3143 517 3200 pro
534 3125 597 3208 cibo
614 3141 665 3182 re-

89 3205 204 3270 putetur,
220 3203 378 3260 secundum
399 3199 468 3256 illud
483 3199 639 3254 Pseimistae
657 3215 663 3254 :

88 3273 199 3330 Fumant
213 3277 288 3330 mihi
302 3277 430 3342 camme
442 3285 508 3326 mea
517 3285 606 3342 peaes
620 3269 666 3324 die

88 3357 116 3396 oc
129 3351 212 3402 nocte.
228 3349 261 3402 tn
276 3347 282 3401 i
305 3363 336 3402 so
352 3351 446 3400 sutem
460 3341 523 3398 ioco
541 3340 587 3398 ubi
601 3345 666 3412 post

89 3419 264 3486 negationem
282 3361 369 3484 flevit,
381 3412 617 3486 etpoenitentiem
628 3413 666 3469 ie·

91 3483 133 3553 cit,
144 3487 171 3544 in
185 3487 353 3546 memoriam
366 3485 456 3542 amari
469 3487 554 3542 ttetus
564 3489 593 3541 et
608 3500 665 3552 poe-

89 3555 205 3616 nitentiae
224 3561 300 3633 ejus,
327 3556 468 3616 edificate
482 3561 525 3614 est
547 3554 666 3612 ecclesia

88 3629 169 3685 saneti
182 3631 270 3701 Petri,
281 3633 329 3700 nui
345 3632 421 3686 locus
435 3633 478 3685 est
497 3628 572 3684 inter
582 3643 665 3683 mon-

89 3703 140 3756 tem
154 3702 218 3760 Sion
228 3708 258 3761 et
273 3703 415 3760 civitatem
425 3699 592 3757 Jerusalem.
612 3701 665 3754 Ex-

89 3770 148 3828 inde
162 3781 228 3831 tuuc
250 3777 350 3832 Petrus
370 3771 454 3829 traxit
472 3771 500 3827 iu
516 3775 666 3827 consuetu-

89 3841 188 3912 dinem,
205 3851 234 3903 ut
250 3845 371 3916 sinentis
395 3842 527 3900 noctibus
545 3857 666 3914 surgens

89 3914 204 3984 aprime
230 3918 370 3989 galiorum
394 3920 491 3983 cantu,
522 3913 664 3984 usquead

89 3981 180 4042 horam
195 3993 362 4046 matutinam
376 3993 464 4045 staret
477 3986 505 4041 in
521 3987 663 4054 oratione,

89 4055 155 4112 Dens
180 4075 229 4128 pro
253 4059 308 4117 ista
334 4063 508 4132 negatione:
528 4057 569 4113 ita
588 4057 663 4127 quod

88 4124 168 4184 iacies
179 4131 239 4202 ejus
252 4133 401 4188 ridebatur
420 4131 521 4186 adusta
539 4145 571 4184 ex
586 4129 663 4184 ttiixu

89 4195 277 4272 lacrymarum,
295 4213 324 4260 et
350 4217 464 4274 semper
485 4199 515 4256 in
531 4201 595 4256 sinu
611 4215 663 4256 sno

90 4269 225 4329 sudarium
237 4277 378 4347 portabat,
394 4289 450 4346 quo
463 4272 563 4329 crebro
575 4271 664 4327 ituen-

90 4343 128 4394 tes
142 4343 276 4416 iacrymas
290 4347 436 4417 tergebat:
455 4343 522 4414 qirie
537 4343 662 4414 quando-

717 491 838 548 cumque
855 477 960 546 guiterus
976 483 1138 534 cantantem
1154 479 1301 550 audiebat,

717 547 1302 620 etunaudociimipuedenegationemt'ltrri·

717 620 752 675 sti
768 619 921 686 reeotebat,
939 620 1118 677 amarissimo
1135 623 1221 679 tlebat
1242 629 1300 680 tam

718 705 768 763 pro
779 699 895 764 peccato
905 692 1076 764 negationis,
1088 709 1170 764 eiiam
1179 709 1230 766 pro
1242 695 1302 752 dut-

717 762 818 819 oedine
833 778 938 820 amoris
952 763 1074 821 Domini.
1088 765 1178 832 Unde,
1197 783 1299 823 secuu-

718 835 784 890 dum
797 837 1028 905 chrysostomum,
1036 836 1122 894 ttebat
1133 841 1232 894 Petrus
1244 855 1299 896 non

718 912 835 978 propter
846 921 983 1034 scenam
1003 908 1063 977 sed,
1079 907 1146 978 onie
1165 908 1299 966 ditectum

721 993 844 1050 negarer
865 985 885 1042 t,
898 981 974 1050 quod
988 979 1013 1036 ei
1023 980 1151 1053 quolibet
1162 980 1300 1050 supplicio

720 1049 862 1106 molestius
878 1055 948 1106 erat.
961 1052 1083 1109 Attende
1094 1067 1170 1110 nuuc
1184 1052 1233 1110 ubi
1248 1054 1302 1110 Pe·

719 1126 781 1178 trus
800 1121 971 1192 negocium
989 1123 1055 1195 iuge
1074 1139 1189 1181 omnem
1206 1125 1301 1182 iocum

720 1193 769 1320 gui
782 1196 963 1250 occasionem
975 1195 1109 1264 peccandi
1119 1195 1237 1253 inducit.
1247 1199 1302 1254 Un-

740 1280 755 1321 e
776 1266 958 1322 Ambrosius:
974 1288 988 1318 e
1005 1267 1057 1324 Ubi
1074 1273 1170 1324 umen
1188 1271 1302 1340 negavit

721 1337 845 1393 Petrus?
857 1338 918 1394 Nou
936 1339 965 1394 in
981 1344 1086 1408 monte,
1106 1355 1163 1396 non
1181 1339 1209 1396 in
1227 1347 1301 1397 tem·

720 1409 776 1480 pto.
801 1425 857 1464 non
874 1408 903 1466 in
919 1425 971 1465 sua
990 1409 1089 1474 domo:
1104 1411 1154 1468 sed
1174 1410 1202 1467 in
1222 1427 1301 1484 prae-

721 1483 794 1536 torio
807 1481 982 1548 iudeorum,
991 1487 1020 1537 et
1031 1484 1058 1538 in
1071 1481 1156 1539 diemo
1167 1482 1301 1556 principis

720 1552 911 1608 secerdotum.
925 1551 965 1609 tbi
978 1559 1070 1626 negat,
1082 1555 1128 1611 nbi
1139 1554 1301 1622 Jesustiea-

721 1627 764 1680 tus
776 1629 829 1687 est.
847 1623 894 1681 ubi
919 1623 1025 1682 veritas
1038 1641 1096 1682 non
1120 1631 1173 1683 est.
1192 1645 1206 1679 o
1222 1627 1301 1684 Unde

721 1701 749 1752 et
763 1698 960 1766 Hieronymus:
983 1717 996 1748 e
1015 1699 1046 1753 tn
1064 1695 1138 1755 atrio
1163 1713 1226 1754 cum
1242 1698 1301 1756 mi-

720 1766 818 1824 nistris
833 1767 961 1824 oaieiecit
975 1769 1053 1826 seed
1068 1769 1161 1841 ignem
1174 1787 1181 1826 t
1196 1775 1301 1827 atrium

719 1841 884 1909 sacerdotis,
914 1839 1047 1898 circuitus
1073 1851 1116 1898 est
1143 1841 1301 1913 secutaris;

722 1909 855 1972 ministri,
874 1912 1013 1968 daemoniu
1027 1919 1115 1979 sunt:
1132 1912 1215 1984 iguis.
1234 1912 1303 1971 desi·

721 1981 830 2038 derium
848 1985 973 2052 carnale,
986 1984 1163 2056 rumquibus
1178 1985 1225 2056 qui
1242 2001 1303 2042 rna·

720 2059 778 2118 net.
796 2055 865 2111 itere
887 2059 1002 2126 pecces
1017 2071 1075 2112 non
1091 2061 1199 2128 potest:
1219 2058 1304 2114 »base

720 2125 912 2195 Hieronymus.
929 2125 997 2182 Hinc
1015 2133 1091 2194 nota,
1108 2127 1183 2200 quod
1198 2128 1303 2184 matum

722 2203 765 2253 est
780 2196 941 2253 correersari
969 2197 1104 2254 incuriis
1128 2205 1302 2284 prognatum,

722 2270 820 2323 Petrus
835 2269 911 2325 enirn
931 2269 1019 2326 semet
1042 2268 1150 2327 curiam
1173 2273 1301 2341 intrarit,

720 2344 749 2394 et
775 2338 812 2394 ibi
841 2339 930 2397 animi
957 2339 1085 2412 rigorem
1112 2341 1248 2414 perdidit,
1272 2345 1301 2398 et

721 2410 861 2468 Christum
886 2416 1009 2484 negarit.
1032 2412 1115 2481 Quid,
1144 2415 1167 2471 si
1188 2413 1236 2471 diu
1262 2411 1301 2470 ibi

721 2481 895 2540 mansisset?
919 2484 998 2540 Unde
1013 2499 1069 2552 non
1085 2483 1134 2553 ibi,
1159 2485 1210 2542 sed
1235 2484 1304 2542 ioris

720 2554 862 2626 poeuituit.
880 2554 926 2613 Sic
940 2555 1022 2613 stette
1040 2556 1157 2627 obtegis
1182 2555 1304 2614 incuria

722 2625 841 2682 tterodis
855 2626 1006 2698 disparuit,
1019 2629 1121 2700 quibus
1131 2627 1197 2686 inde
1211 2645 1303 2702 egres·

721 2696 759 2754 eis
773 2697 948 2780 reapparuit.
971 2699 1059 2755 Eririt
1081 2699 1177 2769 itaone
1205 2704 1304 2758 t'etrus

721 2769 757 2824 de
776 2775 849 2826 atrio
866 2769 1008 2842 principis,
1026 2775 1058 2827 ut
1074 2769 1195 2828 liberum
1209 2771 1303 2829 iocum

722 2841 809 2897 tlemii
824 2841 953 2910 haberet,
964 2841 1115 2914 quiainter
1129 2841 1232 2912 impios
1247 2859 1305 2915 ρω-

721 2911 869 2968 nitentium
885 2929 971 2984 agere
989 2930 1047 2970 non
1061 2915 1183 2983 istebat,
1197 2919 1225 2972 et
1240 2928 1304 2972 oum

722 2984 1075 3057 rettetttereegres-usest
1091 2985 1185 3043 iores:
1208 2989 1303 3058 patant
1389 2988 1395 2999 '

721 3057 795 3111 enim
819 3057 887 3112 here
904 3066 960 3112 non
976 3058 1110 3124 audebat,
1138 3074 1173 3114 ne
1194 3057 1304 3114 seilicet

720 3128 756 3182 eb
772 3126 835 3183 atiis
850 3127 1002 3191 rideretur,
1019 3135 1047 3186 et
1061 3145 1078 3185 a
1098 3129 1228 3202 iacrymis
1247 3129 1303 3185 de·-

720 3200 953 3270 prebenderetur.
972 3203 1001 3256 tn
1016 3215 1072 3271 quo
1083 3209 1111 3256 et
1121 3217 1174 3257 nos
1186 3199 1303 3257 instrui-

723 3284 795 3335 mur,
812 3275 843 3326 ut
859 3271 984 3326 volentes
1007 3269 1139 3327 insistere
1161 3274 1219 3327 tacr
1239 3273 1303 3340 mis,

721 3345 860 3397 secretum
876 3341 1147 3414 iocumquaeramiis.
1165 3289 1243 3399 Undye
1256 3343 1304 3400 De·

720 3414 775 3468 do:
794 3437 805 3461 α
819 3413 908 3481 Quam
919 3413 1017 3470 nociva
1030 3429 1098 3470 sane
1110 3411 1235 3487 alloquia
1243 3429 1304 3486 per·

721 3484 862 3541 fidorumt
888 3487 989 3542 Petrus
1018 3484 1094 3542 inter
1121 3489 1234 3543 Judaeos
1259 3486 1304 3543 rel

720 3555 865 3612 hominem
882 3573 912 3613 se
929 3573 1010 3614 niisse
1025 3561 1138 3629 negavit
1157 3573 1243 3628 quem
1259 3557 1304 3614 in·

720 3631 765 3684 ter
778 3627 986 3701 condiscipulos
1002 3630 1052 3686 Dei
1074 3629 1173 3686 Filium
1189 3629 1305 3686 contes-

721 3715 770 3755 sus
789 3709 860 3756 erat.
883 3699 938 3758 Sed
965 3717 1017 3757 neo
1044 3701 1073 3757 in
1096 3699 1169 3760 atrio
1190 3699 1305 3784 Caiphae

721 3773 849 3828 retentus
863 3778 975 3843 poteret
991 3788 1077 3846 agere
1094 3773 1304 3846 poenitentiam,

721 3841 869 3913 egreditur
882 3843 958 3900 toras
976 3849 1005 3900 ut
1020 3845 1056 3902 ab
1071 3843 1223 3918 impiorum
1239 3861 1304 3902 con·

721 3911 787 3970 nitio
802 3914 1055 3983 secretus‚paeidae
1071 3915 1231 3989 negationis
1242 3931 1304 3974 sor-

722 3987 772 4042 des
786 3984 883 4043 liberis
898 3986 1012 4044 ttetibus
1024 3988 1136 4044 abluet:
1152 4009 1166 4040 a
1185 3991 1245 4045 haec
1257 3989 1305 4046 De·

721 4057 767 4112 do.
785 4056 830 4114 Sic
845 4057 929 4114 hodie
950 4059 1030 4115 mutii
1047 4059 1074 4115 in
1095 4059 1168 4117 atrio
1186 4075 1305 4134 magno·

721 4145 783 4184 rum
801 4127 967 4200 introducti,
981 4130 1122 4188 Christum
1139 4132 1221 4190 matis
1236 4147 1304 4204 ope-

720 4201 799 4257 ribns
819 4207 935 4272 negant,
956 4210 984 4258 et
1004 4202 1047 4259 vix
1067 4210 1116 4261 eut
1137 4216 1303 4276 numquam,

718 4272 786 4328 dum
802 4271 841 4328 ibi
856 4279 931 4334 sunt.
947 4274 1098 4346 poenitent,
1116 4275 1183 4347 quia
1201 4275 1229 4331 in
1247 4287 1302 4330 iiie·

719 4347 836 4414 enatum
858 4345 988 4402 domibus
1014 4361 1073 4403 non
1097 4357 1138 4403 est
1161 4357 1302 4416 conanus
