3104 5034
200 446 247 502 278
512 443 670 500 sanonum
697 440 815 497 ruatis
844 440 949 494 nillil
976 439 1116 495 lxxxiv

200 554 311 626 letitia,
326 553 408 628 quies
423 557 453 612 et
466 552 557 620 labor,
576 551 652 610 salus
663 555 691 608 et
703 549 788 608 intir-

201 627 293 694 mitas‚
313 626 429 684 alllictio
449 633 478 684 et
498 624 637 695 voluptas,
661 629 690 680 et
709 639 788 695 quas-

199 715 322 771 cumque
336 698 366 756 iu
382 700 436 756 boc
449 695 554 754 mundo
570 703 646 763 sunt,
658 699 789 768 puguant

199 777 299 829 contra
317 787 380 840 uos,
396 775 425 827 at
444 767 615 826 insidiantur
634 766 727 824 nobis.
744 767 788 834 m,

202 842 268 916 quia
282 857 437 913 numquam
453 841 532 896 deest
545 839 724 896 adversarius
739 853 790 894 no-

201 915 244 971 bis
254 913 427 980 insidiando,
441 911 477 968 sit
489 927 601 984 semper
613 917 726 980 paratus
737 925 789 965 no·

201 981 559 1052 steranimusresistendo,
569 981 790 1054 quiecertameu

201 1061 331 1113 nostrum
359 1056 446 1113 breve
475 1061 528 1122 est,
549 1054 698 1126 premium
723 1067 790 1108 vero

203 1132 353 1184 aeternum.
367 1129 424 1183 Nec
437 1141 572 1196 umquam
588 1141 606 1182 a
619 1139 715 1206 pugna
730 1139 790 1206 ces·

203 1213 311 1266 semus,
331 1197 397 1270 quia
416 1207 676 1270 quantumcumque
691 1211 791 1252 viceri-

206 1283 280 1338 mus,
297 1285 410 1341 semper
429 1275 526 1326 tamen
541 1273 630 1324 restat
643 1267 720 1338 quod
733 1266 792 1322 viu·

205 1357 310 1398 camus.
327 1341 407 1398 Unde
416 1343 468 1398 Leo
483 1343 559 1412 Papa
573 1356 580 1395 ι
594 1340 710 1395 «Donet
725 1335 791 1394 licet

205 1414 315 1470 Sanctis
330 1413 389 1470 suis
402 1411 597 1485 quotidianam
613 1409 706 1482 gratia
719 1408 790 1465 divi·

206 1497 243 1542 na
260 1485 419 1553 victoriam,
435 1500 492 1541 non
514 1481 607 1540 aufert
628 1488 724 1538 tamen
748 1480 791 1537 di-

206 1556 329 1614 micandi
345 1555 685 1627 materiamquiaethoc
699 1552 791 1624 ipsum

204 1628 240 1686 de
260 1627 456 1686 misericordia
476 1625 651 1700 protegentis
674 1631 727 1693 est,
744 1623 792 1696 qui

205 1705 314 1758 nature
330 1699 471 1768 mutabili,
484 1716 519 1756 ne
531 1699 566 1754 de
581 1698 709 1754 conlecto
720 1713 792 1767 prae·

203 1770 243 1828 lio
265 1771 436 1844 superbiret,
455 1785 568 1841 semper
586 1769 673 1825 voluit
691 1783 790 1839 super·

205 1857 269 1900 esse
283 1842 358 1914 quod
369 1840 515 1898 vinceret:
529 1861 542 1894 v
555 1841 617 1897 hmo
631 1842 682 1896 Leo
694 1839 792 1910 Papa.)

203 1914 283 1972 Unde
298 1912 367 1970 dicit
385 1923 415 1970 et
433 1913 662 1982 Glirpsostnmus:
681 1931 696 1962 u
716 1911 793 1967 San-

206 1983 243 2042 cti
262 1987 317 2042 etsi
336 2001 354 2043 a
373 2000 460 2043 carne
479 1983 554 2041 rinei
579 1999 637 2041 nou
662 1988 793 2055 possunt,

208 2057 290 2130 quasi
306 2058 367 2128 jam
385 2055 559 2140 spirituales,
570 2061 668 2112 tamen
682 2054 794 2182 percuti

207 2133 339 2258 Bossunt,
360 2145 443 2203 quasi
472 2129 567 2186 adhuc
596 2141 728 2186 carnaea
750 2142 757 2182 ι
779 2148 792 2177 a

229 2217 269 2260 aec
280 2204 496 2272 chrysostomus.

247 2277 278 2330 16
302 2275 467 2331 Tonanuuoa
483 2289 551 2332 auur
575 2289 660 2330 ouum
673 2289 707 2330 oa
723 2289 795 2330 ouo-

211 2362 276 2403 nrau
288 2362 441 2402 emnasrau.
452 2375 486 2388 -
498 2347 589 2417 igitur
598 2344 736 2418 quidquid
749 2345 796 2401 de·

211 2416 385 2485 laetamenli,
404 2418 448 2473 vel
475 2416 616 2474 cruciatus
638 2415 795 2473 transitorii

212 2493 345 2556 occurrit,
353 2486 449 2544 statim
460 2488 513 2544 hoc
523 2493 669 2558 tamquam
680 2496 795 2559 praeler-

210 2558 281 2616 ilum
295 2565 469 2630 reputemus,
485 2559 563 2614 etad
583 2558 612 2613 id
631 2559 706 2628 quod
720 2573 795 2615 sem·

207 2645 259 2702 per
274 2634 371 2685 manet
390 2628 493 2684 mentis
512 2628 611 2685 oculos
625 2629 793 2700 dirigamus.

211 2699 399 2769 liam,omnia
410 2715 473 2770 qum
484 2699 512 2756 in
528 2699 634 2756 mundo
649 2706 726 2770 sunt,
742 2701 798 2757 vel·

209 2777 240 2829 ut
257 2772 369 2844 umbra,
387 2771 522 2828 velociter
539 2776 697 2841 transeunt,
712 2772 752 2829 ita
766 2779 797 2829 ut

208 2843 354 2917 preterita
377 2842 443 2912 sint,
470 2859 521 2900 nec
541 2842 628 2902 tuisse
649 2849 794 2914 putentur.

209 2919 243 2972 ut
267 2916 331 2974 ideo
354 2921 585 2974 momentaneum
613 2923 666 2985 est,
690 2924 719 2973 et
740 2916 795 2973 cito

208 2989 321 3056 transit,
340 2989 416 3060 quod
433 2987 480 3044 hic
495 2989 618 3046 delectat
633 2993 663 3045 et
678 2993 795 3058 cruciat,

211 3061 261 3116 sed
280 3065 418 3116 aetcrnum
433 3063 477 3116 est
491 3065 518 3116 et
534 3061 595 3116 siue
613 3059 669 3116 lina
689 3065 796 3130 manet,

213 3133 288 3203 quod
317 3131 357 3188 ibi
380 3131 499 3200 cruciat,
520 3131 564 3187 vel
584 3131 716 3188 delectat.
742 3133 797 3188 Nec

211 3209 309 3260 tamen
325 3202 411 3331 digua
422 3203 527 3275 iacere,
541 3203 585 3258 rel
600 3203 658 3274 pati
673 3202 797 3285 hicupos·

212 3289 346 3332 sumusa
384 3291 429 3344 ea,
444 3291 507 3346 quae
530 3274 568 3331 lbi
593 3275 798 3346 consequ1,vel

212 3349 335 3405 evadere
349 3361 498 3418 speramus
525 3345 604 3402 Unde
617 3347 774 3402 bernardus
789 3365 797 3401 ε

214 3440 230 3472 a
245 3419 306 3476 Non
325 3424 389 3476 sunl
409 3419 557 3490 condignae
580 3417 730 3474 Passiones
744 3419 798 3474 hu·

209 3491 257 3562 J'us
279 3493 426 3562 temporis,
442 3490 478 3546 ad
504 3492 620 3562 peccata
638 3505 700 3560 quas
725 3503 799 3546 com·

212 3561 395 3631 misimus,ad
408 3560 548 3619 benetlcia
559 3575 622 3632 quas
632 3559 787 3632 accipimus

211 3633 248 3692 ad
263 3649 362 3705 poenas
378 3632 483 3690 iulerni
503 3647 575 3704 quas
593 3634 745 3701 evasimus,
763 3601 799 3690 aci

212 3709 330 3776 premia
346 3711 454 3762 aterna
469 3719 533 3778 qum
548 3709 745 3777 exspectamus
761 3727 768 3761 ι
783 3722 798 3756 u

211 3777 271 3832 haec
300 3779 468 3834 benardus.
498 3780 590 3834 Tanta
623 3775 728 3848 quippe
756 3781 800 3832 est

210 3849 427 3919 praeeminentia
437 3855 552 3905 mierum
566 3849 675 3922 glorias,
684 3849 720 3904 ad
731 3853 801 3905 tem·

209 3919 323 4047 {orales
342 3925 370 3975 et
395 3920 579 3980 transitorias
596 3920 754 3993 passiones,
770 3925 801 3975 ut

231 3990 332 4058 vligcns
364 4000 529 4062 perspector
565 3995 683 4048 deberet
708 3999 800 4064 potrus

212 4061 319 4188 οἰιὲετε
334 4061 430 4117 multis
443 4063 527 4118 annis
543 4063 572 4119 iu
587 4064 703 4120 lornace
725 4061 800 4134 iguis

213 4149 246 4192 ar
267 4130 422 4188 entisvclle
437 4135 573 4205 torqueri,
589 4140 617 4191 et
636 4137 724 4191 multa
740 4149 799 4190 ma-

215 4205 243 4263 la
257 4205 325 4278 pati,
342 4219 426 4276 quam
448 4203 565 4260 minimo
585 4205 700 4275 praemio
717 4207 745 4261 in
760 4205 773 4259 l
791 4233 801 4246 ·

216 4284 280 4335 turo
292 4275 345 4334 sibl
360 4281 506 4333 reservato
521 4275 593 4332 velle
605 4276 722 4348 privari,
734 4275 800 4348 quia

218 4349 299 4406 labor
318 4353 360 4404 est
382 4363 446 4406 cum
470 4347 539 4418 tine,
557 4351 585 4404 et
601 4362 710 4404 merces
738 4345 800 4404 sine

215 4421 283 4480 tine.
304 4421 384 4498 Upde
398 4422 574 4492 Augustinus
597 4439 605 4477 ε
624 4419 677 4476 «0
705 4415 801 4477 anima

843 563 917 619 mea,
941 547 964 606 si
985 547 1112 622 quotidie
1130 551 1274 620 oporteret
1293 561 1351 605 nos
1375 545 1445 618 pati

843 627 1033 692 tormenta,ct
1044 621 1168 692 perterre
1178 635 1290 693 peenas,
1302 619 1325 676 si
1342 618 1441 688 ipsam
1531 651 1532 656 κ

844 696 1003 766 gebennam
1034 693 1118 766 longo
1144 703 1272 766 tempore
1298 690 1443 757 tolerare,
1531 699 1532 704 ’

845 763 1037 826 utctvristum
1055 765 1084 822 io
1101 765 1193 837 gloria
1215 781 1267 821 sua
1286 775 1444 846 possemus

844 837 953 906 videre,
966 845 995 894 et
1007 837 1118 896 Sanctis
1132 839 1192 910 eJ'us
1202 851 1354 904 associari,
1370 847 1445 888 uon·

845 926 881 966 ne
909 915 986 966 esset
1011 909 1127 981 dignum
1159 907 1218 981 pati
1248 923 1334 964 omne
1362 903 1444 977 quod

845 981 927 1037 triste
942 986 995 1046 est,
1012 985 1043 1037 ut
1056 979 1128 1037 tanti
1137 981 1205 1038 boni
1214 985 1364 1058 tantaeque
1377 976 1445 1058 glo-

846 1051 898 1109 riae
913 1052 1065 1124 participes
1079 1051 1274 1109 haberemur?
1294 1051 1443 1107 lusrdren·

846 1129 894 1180 tur
905 1139 973 1196 ergo
994 1126 1150 1193 daemones,
1166 1127 1328 1196 parentque
1345 1125 1443 1200 tenta-

846 1197 938 1252 tiones
950 1211 1026 1264 suas;
1043 1197 1178 1264 frangant
1193 1209 1299 1268 corpus
1311 1192 1442 1264 jejunia,

846 1273 978 1340 premant
987 1269 1165 1334 vestimenta,
1179 1267 1292 1324 iabores
1305 1269 1442 1344 gravent,

847 1339 1009 1411 vigiliaque
1024 1337 1164 1396 exsiccent
1177 1357 1184 1408 ;
1200 1338 1338 1395 inclamet
1350 1351 1399 1390 me
1411 1351 1441 1390 ι-

847 1417 902 1480 ste,
912 1411 1053 1481 inquietet
1065 1427 1110 1468 me
1123 1411 1179 1480 ille,
1195 1410 1285 1482 trigue
1294 1409 1440 1475 incurvet,

847 1483 1019 1541 conscientia
1050 1488 1227 1550 murmuret,
1251 1481 1332 1537 calor
1363 1483 1441 1546 urat,

848 1559 933 1626 caput
947 1555 1052 1623 doleat,
1067 1560 1166 1626 pectus
1188 1554 1298 1624 ardeat,
1318 1550 1443 1608 indetur

848 1628 1022 1695 stomachus,
1038 1627 1174 1698 pallescat
1187 1626 1290 1690 vultus,
1305 1623 1442 1680 infirmer

847 1703 941 1767 totus;
958 1699 1069 1770 deficiat
1083 1701 1114 1754 ia
1140 1699 1233 1754 dolore
1249 1699 1310 1753 uita
1326 1711 1402 1758 men,
1417 1699 1441 1748 ct

848 1772 915 1828 aunt
931 1773 983 1825 mee·
997 1773 1027 1826 in
1039 1771 1187 1839 gemit-ibus
1190 1809 1244 1826 .....
1258 1767 1442 1838 ingrediatu-

847 1843 964 1914 putredo
976 1844 1007 1897 iu
1021 1841 1128 1898 ossibus
1146 1844 1223 1906 mets,
1242 1846 1268 1897 et
1291 1840 1391 1895 subter
1403 1853 1442 1892 ute

848 1919 953 1970 scateat
969 1919 1020 1970 :ut
1031 1917 1201 1984 requiescam
1212 1916 1242 1968 in
1261 1913 1306 1967 die
1322 1911 1443 1967 tributa·
1531 1939 1532 1948 κ

849 1989 943 2054 tionis,
955 1990 980 2040 el
993 1985 1183 2042 ascendamad
1196 1986 1332 2056 poputum
1346 1985 1442 2038 ncom-

849 2062 1069 2115 crumenarum.
1090 2075 1104 2110 n
1130 2057 1208 2113 Unde
1229 2061 1258 2112 et
1283 2057 1444 2124 curassem

849 2145 909 2186 mue
921 2145 928 2184 :
940 2149 954 2181 u
964 2127 1202 2200 Omniaagamus,
1212 2133 1244 2184 ut
1252 2143 1309 2183 uon
1321 2143 1340 2182 a
1349 2125 1444 2197 gloria
1531 2133 1532 2158 ¹

849 2201 959 2258 caelesti
975 2199 1148 2257 excidamus.
1165 2201 1351 2272 Nequaquam
1363 2197 1444 2254 enim

850 2271 977 2340 diltlcile,
994 2271 1017 2328 si
1042 2271 1233 2340 voluerimus3
1256 2283 1445 2342 nequaquam

850 2358 1013 2414 onerosum,
1033 2342 1057 2400 si
1078 2343 1293 2400 attenderimus.
1309 2343 1343 2399 Si
1367 2345 1444 2397 enim

850 2415 1057 2480 sustinebimus,
1071 2421 1097 2471 et
1111 2417 1349 2484 courepnabimus.
1366 2413 1443 2480 Quid

851 2485 928 2546 estsi
942 2485 1182 2544 sustinuerimus?
1196 2487 1224 2545 Si
1239 2485 1445 2544 tribulationes

852 2560 979 2628 ierimus,
1004 2558 1027 2614 si
1048 2557 1271 2631 persecutiones,
1288 2555 1311 2613 si
1330 2564 1444 2614 aretam
1531 2581 1532 2586 ¹

852 2629 1092 2688 ambulaverimus
1103 2629 1178 2687 riam
1188 2647 1196 2700 ;
1207 2635 1287 2688 areta
1301 2629 1379 2686 enim
1394 2627 1444 2684 via

852 2709 895 2760 est
909 2707 938 2758 et
952 2703 1106 2770 laboriosa,
1123 2703 1238 2774 optione
1257 2715 1325 2758 vero
1342 2705 1444 2757 nostra

851 2774 942 2830 levior
956 2775 988 2830 tlt
1004 2789 1054 2846 spe
1074 2774 1242 2830 luturorum.
1258 2775 1443 2845 Transpona-

852 2861 915 2902 mus
930 2844 1018 2916 igitur
1032 2845 1128 2902 oculos
1143 2845 1172 2902 io
1189 2845 1304 2913 coelum,
1319 2850 1348 2900 et
1366 2859 1445 2900 sem·

852 2933 905 2990 per
918 2915 968 2974 illa
982 2916 1172 2988 imaginemur
1187 2922 1216 2974 et
1235 2916 1390 2973 videamus.
1415 2913 1445 2970 si

853 2987 928 3048 enim
945 2989 972 3044 in
988 2987 1044 3045 illis
1058 3003 1171 3070 semper
1198 2986 1445 3056 conversabimur,

854 3077 910 3117 non
932 3075 950 3116 a
966 3061 1154 3134 voluptuosis,
1170 3075 1234 3132 qum
1250 3060 1295 3116 tric
1312 3064 1380 3116 sunt
1392 3073 1446 3132 pa·

856 3132 961 3188 tiemur
975 3130 1054 3202 quid,
1075 3147 1168 3204 neque
1184 3131 1278 3188 tristia
1299 3137 1332 3188 ut
1346 3132 1447 3202 mavia

853 3203 1047 3276 portabimus3
1065 3201 1227 3274 basethis
1247 3201 1353 3260 similia
1368 3203 1446 3260 deri-

854 3276 995 3343 debimus,
1013 3281 1041 3331 et
1056 3274 1127 3331 nibil
1142 3292 1234 3346 neque
1253 3289 1304 3330 nos
1321 3275 1446 3346 subjice-

853 3363 895 3416 re,
913 3361 1007 3418 neque
1030 3363 1080 3403 nos
1096 3347 1208 3404 elevare
1222 3349 1337 3420 poterit,
1350 3347 1446 3402 solum

855 3417 879 3474 si
899 3415 1071 3474 desiderium
1089 3418 1155 3474 illuc
1175 3418 1361 3486 temlerimus,
1376 3424 1405 3474 et
1420 3417 1445 3474 si
1531 3481 1532 3490 ,

854 3489 891 3548 ad
899 3505 1027 3546 amorem
1041 3489 1120 3546 illum
1130 3489 1309 3563 aspiciemus.
1326 3492 1359 3546 Et
1376 3487 1444 3560 quid
1531 3499 1532 3504 ’

855 3561 939 3619 dico?
969 3562 1107 3630 Quoniam
1137 3577 1193 3617 narn
1221 3561 1394 3628 dolebimus,
1415 3560 1445 3616 in
1531 3601 1532 3606 η

855 3631 1045 3706 presentibus
1074 3632 1217 3690 versutiis.
1244 3635 1341 3706 Neque
1367 3631 1445 3689 enim

855 3704 952 3762 videre
968 3719 1002 3761 ea
1014 3705 1178 3778 putabimus
1191 3705 1228 3762 de
1247 3705 1370 3774 reliquo,
1388 3703 1447 3760 tale

856 3779 932 3834 enlm
947 3781 990 3832 est
1010 3791 1091 3833 amor
1107 3776 1273 3848 spiritualis.
1290 3775 1346 3832 Eos
1364 3775 1448 3832 deni·

856 3865 921 3920 que,
938 3849 986 3920 qui
1012 3865 1068 3904 mm
1092 3855 1246 3919 praesentes
1271 3855 1337 3904 sunt
1353 3843 1450 3904 nobis·

857 3933 931 3988 cum,
962 3919 1012 3976 sed
1029 3921 1142 3989 absunt,
1158 3919 1317 3992 diliguntur
1340 3924 1448 3986 autem,

856 3990 1449 4062 secundumunamqvmmqueimaginamur

857 4063 946 4134 diem,
964 4077 1067 4134 magna
1091 4063 1168 4118 enim
1182 4065 1290 4119 amoris
1307 4061 1447 4135 tyrannis,

856 4137 892 4192 ab
911 4133 1045 4190 omnibus
1064 4149 1140 4190 enun
1159 4133 1279 4192 desistit.
1301 4141 1330 4191 et
1356 4133 1381 4190 ei
1401 4133 1446 4205 qui

857 4203 984 4276 diligitur
999 4205 1097 4278 alligat
1112 4204 1249 4263 animam.
1267 4204 1294 4263 Si
1308 4204 1349 4262 ita
1365 4203 1445 4261 Chri·

857 4283 932 4334 stum
951 4277 1100 4334 Dominum
1120 4273 1331 4346 amaverimus,
1351 4276 1445 4334 omnia

857 4363 920 4476 311ae
930 4347 976 4404 hic
989 4353 1055 4404 suut
1071 4349 1182 4418 umbra,
1192 4349 1290 4406 omnia
1300 4347 1397 4421 imago
1409 4347 1445 4404 vi·

877 4419 1001 4476 ebuntur
1014 4425 1041 4476 et
1058 4419 1211 4478 somnium.
1226 4421 1261 4476 Et
1275 4419 1404 4476 dicemus
1418 4425 1443 4476 et
