2974 5040
144 401 176 456 'id
487 399 645 454 stubbius
672 402 794 460 tibiis
821 395 925 452 olibi
955 391 1027 447 bitti

151 523 205 566 nos
218 508 563 568 caveamusnecbristum
580 509 731 567 ialsoado·
783 504 906 581 pedites,
922 500 1083 584 sicutopatot
1094 500 1124 558 in
1134 501 1220 584 gestis
1227 501 1299 586 iulii
1317 503 1387 562 Cae-

151 595 259 647 remus,
271 582 314 636 vel
335 580 498 637 salutemus.
514 582 639 653 btystire,
660 581 731 638 iatso
785 577 867 644 saris,
883 573 934 634 ubi
945 573 1096 630 militesab
1107 575 1251 643 equitibus
1264 575 1387 633 disbo-

152 649 295 710 Christum
312 651 434 708 edorent
447 657 476 709 et
489 653 625 721 satutant,
638 652 685 724 qui
703 655 730 708 iri
785 653 920 723 guuntur,
939 650 968 702 et
982 643 1011 701 in
1027 643 1143 702 Actibus
1157 645 1387 729 Apostolorum,

151 738 216 781 eum
233 722 364 792 creduut,
384 723 434 780 sed
460 724 601 794 perversis
623 723 733 782 actibus
785 719 836 780 ubi
850 717 965 784 dicitur,
978 715 1054 789 quod
1070 715 1175 774 Paulus
1193 733 1256 774 cum
1275 718 1389 774 militi·

150 791 330 876 despiciuiit;
344 809 393 851 ore
405 810 471 852 eum
483 795 667 864 coutlteutur,
681 795 732 853 sed

151 865 234 922 lactis
259 870 373 936 negant.
399 867 480 934 ltem,
504 867 575 924 salso
599 867 730 936 adorant,

151 935 196 992 vel
216 935 350 1006 salutant,
365 939 412 1009 qni
429 937 505 994 inter
521 938 660 995 orandum
679 938 731 994 ali·

151 1005 218 1079 quid
232 1009 307 1078 quod
321 1012 365 1064 est
383 1015 483 1065 contra
501 1008 629 1066 divinum
645 1011 732 1066 bono·

151 1093 213 1135 rem
227 1083 324 1136 mente
340 1085 527 1152 pertractant.
551 1083 632 1144 ltem.
658 1081 730 1138 talso

151 1151 274 1207 adorant
287 1155 317 1206 et
333 1152 469 1222 salutant,
488 1153 537 1224 qiii
559 1151 589 1209 iii
604 1151 731 1210 ecclesiis

151 1223 231 1303 signa
245 1221 405 1279 devotionis
420 1224 583 1291 ostendunt,
592 1228 621 1280 et
634 1229 732 1296 postea

150 1291 271 1364 iujurias
286 1293 399 1350 cbristo
420 1311 523 1368 graves
543 1295 573 1352 iii
596 1296 731 1352 membris

151 1366 210 1421 suis
220 1363 334 1420 t'aciunt.
347 1365 416 1422 item
428 1365 560 1438 denique,
573 1366 644 1424 laiso
655 1367 731 1424 Ctiri-

150 1443 223 1492 stum
235 1437 355 1492 adorent
367 1445 396 1492 et
405 1437 529 1494 salutant
542 1454 641 1494 omnes
651 1454 731 1510 pseu·

151 1506 732 1578 dochristianidesii,quiirrisorieadoro·

93 1617 97 1624 .
152 1579 731 1648 rietsalutariooluisti‚domiliitellcum

152 1665 241 1705 meum
260 1665 354 1705 uerum
371 1651 490 1706 odorere
517 1654 548 1706 in
574 1655 679 1722 spiritu
706 1659 732 1709 et

152 1723 279 1788 ueritate,
295 1725 320 1775 et
346 1727 372 1776 te
397 1723 486 1778 solum
515 1739 609 1778 veiam
633 1726 731 1794 ltepem

153 1792 349 1847 uenerabiliter
362 1793 498 1849 salutare.

194 1865 225 1920 18
250 1861 383 1920 Carisius
407 1881 497 1922 neruo
520 1869 685 1923 imiizirni
699 1884 731 1923 nr

156 1949 332 1992 cossruirua.
348 1966 383 1979 -
398 1938 446 2006 lit,
461 1942 493 1994 ut
515 1936 668 1995 illuderent
686 1937 729 1994 ta-

153 2004 217 2076 ctis,
232 2009 305 2063 sicut
318 2005 465 2065 illuserant
480 2007 569 2081 signis
582 2015 610 2068 ct
624 2009 730 2079 verbis,

155 2077 261 2134 dobant
277 2081 303 2135 ei
320 2081 432 2164 iilcipns¹
452 2079 681 2151 inaugmentum
696 2080 731 2136 it·

154 2147 283 2221 lusioiiis,
303 2155 332 2207 et
355 2152 410 2209 boc
424 2153 499 2222 ideo,
520 2161 551 2210 ut
570 2151 632 2226 ipso
645 2167 731 2224 opere

154 2222 341 2279 ostenderent
355 2223 513 2280 illusorium
535 2223 688 2296 essequod
705 2222 730 2280 ei

154 2295 241 2349 tatem
262 2293 401 2350 honorem
421 2293 602 2352 exhibebant.
628 2299 659 2352 lii
678 2295 731 2352 boc

155 2363 232 2420 enim
249 2362 409 2420 illusionem
430 2381 511 2421 snam
529 2366 620 2437 magis
635 2370 731 2438 despe-

154 2432 257 2490 ctivam
272 2435 409 2504 lecerunt,
424 2435 501 2506 quod
522 2437 597 2493 velut
609 2439 731 2493 sitoraii-

154 2509 197 2561 tes
211 2506 310 2570 Deum,
325 2511 355 2561 et
367 2511 523 2563 salutantes
543 2523 650 2578 regem,
666 2523 732 2564 eum

153 2573 375 2648 alapizaverunt.
390 2579 424 2633 Et
434 2577 529 2633 dillert
543 2577 598 2634 ista
614 2579 732 2652 alapiza-

157 2645 197 2702 tio
212 2647 248 2703 ab
263 2645 323 2716 illa,
339 2663 402 2718 quae
419 2648 449 2704 in
471 2650 555 2706 domo
572 2651 661 2707 Annae
681 2649 733 2706 luit

156 2717 231 2774 tacta
246 2741 253 2772 ι
271 2716 339 2789 quia
364 2717 403 2774 ibi
431 2735 488 2776 una
514 2721 598 2793 alapa
611 2722 648 2778 ab
675 2737 731 2778 uuo

156 2787 363 2858 ministrorum,
379 2789 424 2846 bic
440 2795 535 2848 autem
558 2794 653 2866 plures
676 2793 732 2849 ala·

153 2875 198 2932 pae
212 2876 229 2916 a
243 2860 362 2918 diversis
375 2862 531 2933 dabantur;
549 2871 578 2920 et
589 2863 637 2921 illa
647 2865 732 2921 deba·

155 2937 203 2988 tur
216 2945 303 2989 caiisa
319 2931 514 3001 ultiouis,istae
529 2951 615 2993 causa
629 2935 734 3005 illustre

155 3002 208 3061 nis.
226 3005 451 3062 -Documenta
466 3013 562 3064 autem
581 3006 620 3064 ibi
641 3007 734 3080 posita

157 3081 278 3146 possunt
298 3075 345 3132 bic
364 3063 466 3150 accipi.
486 3081 562 3149 lesu,
577 3082 628 3150 pin·
640 3081 734 3150 alapis

156 3145 225 3202 caedi
236 3149 361 3216 uolumti,
375 3150 423 3217 suc
444 3165 486 3206 ine
500 3167 545 3206 ore
567 3157 594 3208 et
608 3153 667 3207 vita
681 3150 735 3206 tidi'

153 3233 260 3288 semper
305 3221 429 3288 laudere,
457 3227 483 3278 et
505 3225 624 3279 otini-uin
639 3237 732 3294 opera,

154 3291 218 3346 licet
230 3237 306 3348 inoffi
319 3295 388 3359 sint,
402 3295 474 3348 milii
483 3296 513 3349 iii
530 3295 628 3350 borium
643 3309 734 3364 coope-

154 3364 220 3416 rari
233 3364 357 3421 concede.
373 3364 458 3419 Addit
474 3366 585 3421 Marcus
601 3382 609 3421 t
624 3367 660 3421 Et
674 3381 734 3420 con·

154 3432 290 3503 spuebant
303 3449 427 3496 eumseu
440 3434 467 3490 in
484 3434 582 3491 taciem
598 3436 670 3506 ejus,
685 3433 735 3491 sic·

158 3507 189 3558 ut
204 3517 337 3573 persone
356 3503 425 3560 viles
448 3509 478 3561 et
498 3505 734 3578 contemptibiles.

157 3571 277 3644 Oquam
293 3573 355 3630 vitis
370 3580 448 3631 actus
463 3574 605 3634 militum!
629 3577 666 3632 liii
683 3578 737 3632 boc

156 3651 286 3716 apparet,
304 3645 382 3717 quod
400 3645 447 3702 isti
467 3646 602 3704 dicuntur
620 3647 736 3718 milites,

157 3731 212 3770 non
229 3717 385 3774 secundnm
402 3734 508 3776 nomen
526 3718 636 3777 militie
662 3735 737 3791 prae·

155 3785 246 3866 sentis
264 3791 412 3860 temporis,
426 3805 483 3862 qun
493 3791 625 3862 generosi
641 3797 670 3846 et
684 3806 736 3846 no-

153 3857 236 3938 biles,
251 3859 300 3930 qui
314 3860 425 3931 equites
441 3862 665 3920 nominanturde
680 3861 738 3918 cnl-

153 3929 265 3985 caribus
280 3929 445 3988 deauratis:
460 3933 531 3990 tales
541 3933 618 3991 enim
629 3932 739 3989 nobiles
770 3961 774 3968 ·

152 4014 283 4073 personia
294 4017 351 4058 nou
363 4001 527 4072 illuderent,
541 4021 598 4061 non
612 4019 739 4072 conspu-

154 4076 255 4140 erent,
274 4087 327 4128 nec
346 4075 559 4146 crucifigerent,
575 4091 628 4132 nec
647 4080 741 4130 vestes

151 4141 278 4200 crucifixi
294 4145 347 4200 sibi
360 4144 532 4214 dividerent,
544 4148 621 4217 quod
632 4147 667 4202 ad
679 4161 740 4201 car·

149 4213 251 4298 cilices
266 4218 361 4290 potius
370 4222 517 4346 ¹pertinetg
533 4217 583 4274 sed
606 4215 740 4273 dicuntur

147 4287 265 4357 milites,
279 4303 368 4345 secun
393 4305 440 4346 mii
456 4293 606 4361 antiquam
620 4301 739 4345 consue·

147 4357 288 4431 tudinem,
314 4357 500 4434 stipendiarii
527 4366 556 4418 et
581 4358 738 4418 servientes

786 794 838 850 bus
847 791 988 854 ducentis,
1000 793 1030 845 et
1039 785 1180 859 equitibus
1191 788 1389 861 septuaginta

786 864 822 921 de
835 861 994 921 Jerusalem
1013 857 1116 915 missus
1134 865 1178 916 est
1200 860 1385 918 Caesaream.

787 938 860 1008 Ergo
876 931 982 989 milites
993 929 1023 986 in
1038 931 1092 986 boc
1107 929 1169 987 loco
1187 929 1387 1004 intelligimus

786 1007 857 1063 viles
872 1001 1075 1076 stipendiarios
1097 1002 1254 1071 carnifices,
1269 1004 1387 1074 quales

787 1077 895 1135 nullam
915 1075 1137 1148 perhorrescunt
1163 1074 1382 1143 insolentiam

786 1149 835 1224 qui
850 1147 918 1206 dicti
933 1151 999 1203 suut
1012 1143 1126 1214 milites,
1146 1161 1204 1202 non
1219 1163 1236 1202 e
1261 1145 1385 1204 nobili·
1482 1154 1483 1193 ὲ

786 1227 855 1288 tate,
869 1220 918 1276 sed
929 1234 946 1275 a
957 1215 1134 1286 tortitudine,
1144 1216 1316 1274 erantcnim
1329 1235 1385 1275 ro·

786 1292 861 1350 busti
878 1305 1008 1364 corpore,
1024 1295 1062 1356 et,
1080 1294 1110 1346 ut
1127 1287 1195 1345 dicit
1208 1289 1385 1356 dirimente·
1482 1344 1483 1363 .

787 1381 857 1433 mais,
879 1363 916 1420 ad
943 1377 1027 1416 omne
1051 1362 1156 1416 matum
1177 1359 1314 1432 expositi3
1344 1361 1385 1419 da

787 1435 892 1508 quibus
906 1432 990 1490 etiam
1007 1431 1077 1488 dicit
1100 1433 1275 1504 Tlieopliiliis,
1294 1433 1384 1504 quod

788 1503 1076 1563 iiiistisillusionibus
1087 1503 1217 1560 militaris
1228 1519 1302 1560 vana
1316 1503 1385 1575 glo-

787 1577 830 1635 ria
849 1593 973 1704 similia)
976 1574 1148 1659 inordinatis
1166 1575 1310 1704 {¹33ssssss
1323 1591 1385 1690 op·-

787 1651 962 1779 sstoocliitiiignstii
972 1663 1232 1791 sspssssfssssffnffssumi
1242 1688 1321 1774 sicui'
1329 1735 1384 1776 su·

807 1795 843 1850 ra'
854 1795 888 1850 de
906 1795 1094 1862 consputione
1108 1788 1138 1846 iii
1155 1789 1239 1846 domo
1257 1789 1382 1862 Caipbse
1482 1784 1483 1825 ³

786 1809 871 1922 faeta.
888 1863 998 1930 diecti,
1018 1865 1069 1933 qui
1086 1863 1116 1917 iii
1133 1861 1382 1918 deliciosissimum

784 1938 887 2005 faciem
897 1941 973 1992 tunm
984 1935 1100 2005 conspui
1113 1935 1237 2000 antidoti,
1250 1933 1289 1988 dii
1302 1935 1384 1990 mibi

785 2010 887 2076 sociem
907 2014 984 2063 tunm
1001 2007 1168 2061 sacrementi
1190 2005 1382 2062 Eucharistiae
1482 2050 1483 2071 ,

786 2081 941 2152 sumptione
959 2077 1081 2148 indigna
1105 2091 1160 2132 nori
1186 2077 1321 2147 polluere,
1353 2081 1382 2132 et

786 2153 980 2207 conscientium
993 2164 1082 2204 mecm
1103 2147 1254 2204 immundis
1271 2150 1382 2216 cupito-
1482 2179 1483 2206 i

788 2223 910 2280 tionibus
920 2237 975 2277 iioii
984 2221 1100 2288 fedore.

827 2317 858 2368 ¹9
876 2295 1024 2350 Percussio
1057 2307 1159 2348 caricis
1186 2292 1295 2349 Cuaisri
1320 2308 1380 2349 cmi

789 2381 937 2434 ancnoris,
954 2379 1133 2420 nocuusniuii
1154 2379 1188 2419 ex
1203 2380 1238 2419 ei
1257 2379 1289 2418 nr
1309 2380 1382 2421 ona·

788 2455 842 2493 rio.
860 2467 894 2478 -
907 2439 943 2494 Et
960 2440 1122 2507 occeperunt
1150 2434 1313 2490 arundinei
1339 2435 1380 2492 de
1482 2439 1483 2454 ¹

789 2524 876 2565 manu
898 2508 970 2590 ejus,
991 2511 1017 2562 et
1045 2506 1235 2588 percutiebant
1256 2520 1379 2589 'sacrum

789 2577 1379 2778 {ttttftttailtli¹ttt.‚l⁰¹tlt.bl:
1482 2687 1483 2698 .

811 2727 947 2794 gerentur
961 2719 1062 2793 capiti;
1079 2725 1108 2776 et
1120 2725 1232 2776 ratione
1248 2727 1377 2776 contem·

810 2799 865 2862 tus,
882 2792 910 2849 in
937 2791 1050 2864 signum
1072 2789 1223 2847 vacuitatis
1241 2797 1270 2846 et
1289 2791 1375 2848 nibil.

789 2809 852 2922 ion
861 2862 939 2921 euim
950 2869 1059 2921 tautum
1074 2877 1160 2919 causa
1172 2861 1296 2918 laedendi
1307 2878 1377 2920 euiii

826 2953 841 2992 r
854 2941 1009 3008 puncturas
1024 2934 1171 3006 spinarum
1186 2940 1215 2990 et
1227 2949 1278 3005 per
1300 2936 1376 2991 ictus

810 3007 895 3076 acuti,
936 3011 1053 3063 uantum
1075 3021 1162 3062 causa
1184 3004 1323 3062 illudendi
1345 3011 1376 3063 et

790 3022 944 3135 vitisscanii
965 3077 1018 3134 boc
1046 3078 1184 3158 lecerunt,
1215 3093 1283 3159 iiam
1302 3071 1375 3159 viles

791 3165 921 3224 personae
936 3149 1044 3206 baculis
1058 3153 1131 3206 sicut
1150 3148 1249 3205 bestiae
1264 3157 1375 3220 percuti

791 3229 1009 3279 consueverunt.
1022 3219 1107 3287 Quasi
1120 3235 1188 3292 ergo
1199 3219 1325 3276 dicerent
1335 3219 1375 3276 ed

791 3309 857 3351 eum
873 3309 880 3348 ι
897 3292 961 3349 Otu
978 3293 1062 3348 bomo
1078 3290 1150 3358 vilis,
1166 3291 1267 3362 utquid
1279 3301 1307 3347 te
1321 3292 1375 3347 lle·

792 3380 856 3437 gem
870 3361 961 3422 iacis?
971 3365 1000 3419 ln
1012 3364 1067 3419 hoc
1083 3363 1169 3420 tiebat
1182 3361 1208 3419 ei
1224 3361 1373 3430 sicutiuri,

792 3435 841 3508 qui
855 3435 922 3492 tune
936 3433 1021 3506 capiti
1036 3433 1249 3505 circumposito,
1262 3440 1375 3506 torque·

792 3513 849 3576 tur,
867 3512 898 3563 ut
910 3511 1095 3577 recognoscit
1114 3505 1189 3562 mata
1203 3521 1269 3578 quaa
1285 3505 1349 3562 iecit
1365 3523 1373 3574 3

793 3584 821 3636 et
849 3576 922 3634 sicut
945 3575 1020 3633 lunis
1047 3576 1263 3650 constringitur,
1288 3582 1321 3634 ut
1346 3592 1377 3632 se

793 3648 916 3722 amptius
927 3647 1079 3720 profundet
1091 3648 1136 3704 vet
1150 3647 1268 3721 gravius
1282 3654 1377 3730 torqu-

794 3725 851 3789 eat,
868 3719 909 3776 sic
925 3725 954 3776 et
967 3722 1064 3777 lesum
1079 3725 1248 3776 coronatum
1265 3721 1377 3778 arundi-

794 3807 831 3848 ue
847 3790 1054 3864 percutiebant.
1072 3789 1272 3848 Percutiobaiit
1291 3807 1375 3848 arun·

794 3861 862 3920 diue
887 3869 972 3934 caput
999 3865 1173 3935 pavendum,
1200 3861 1377 3919 demonibus

794 3935 985 4002 tremendum,
1004 3949 1038 3992 ac
1059 3933 1249 3991 reverendum
1269 3933 1377 3990 cunctis

796 4004 931 4062 melorum
956 4003 1121 4073 virtutibus,
1137 4015 1165 4062 et
1184 4005 1375 4063 venerandum

796 4075 905 4134 Sanctis
918 4075 1069 4145 omnibus;
1089 4081 1175 4148 eaput
1196 4077 1376 4134 benedictum

795 4146 825 4203 in
851 4147 993 4216 seculae
1038 4163 1073 4204 uo
1097 4146 1190 4204 omnis
1217 4147 1375 4204 benedictio

795 4235 852 4275 non
869 4217 961 4276 solum
981 4218 1010 4276 iii
1050 4219 1161 4287 arbam,
1177 4234 1275 4276 verum
1291 4221 1374 4276 etiam

795 4288 826 4346 iu
848 4305 929 4346 oram
949 4288 1112 4347 vestimenti
1138 4289 1225 4346 totius
1244 4289 1375 4347 Ecclesie

796 4367 902 4418 manat.
915 4361 938 4418 0
952 4359 1066 4418 miserit
1078 4363 1223 4433 quomodo
1236 4360 1318 4418 vobis
1329 4359 1375 4418 ed·
