3124 5038
199 415 353 476 QUOMODO
382 413 457 466 hott.
486 413 652 468 ,tt‘t‘tlttttt
683 415 795 467 utute.
826 414 942 468 DlSle.
973 417 1004 468 lh'
1033 415 1149 474 tillut..
1181 415 1245 468 hta.
1291 415 1336 464 tlt

95 520 150 580 ubi
170 525 213 577 est
237 520 314 578 idem
337 536 432 586 mare;
456 535 514 576 uon
537 523 630 576 tamen
646 519 694 575 illa

94 591 307 666 principaliter
330 591 541 658 intendebatur,
566 607 631 647 cum
655 590 693 648 ibi

96 663 191 735 pauci
224 663 332 719 scilicet
346 667 452 734 septem
468 667 579 718 lautum
599 669 696 719 essent

95 734 254 807 dis-ipati,
274 736 323 791 sed
344 735 437 806 polius
458 735 520 800 ista,
537 734 565 789 in
581 751 636 802 «tui
651 733 696 790 si-

97 807 163 864 mul
176 822 276 863 ornnes
288 803 552 876 erantcougregali.
565 807 595 864 tt
606 805 696 862 scieu-

98 879 192 944 dum,
207 877 284 948 quod
299 891 385 948 prope
400 881 527 933 montem
546 874 647 933 Olivell
663 893 696 933 ex

99 955 193 1023 parte
211 947 319 1007 boreali
339 948 376 1004 ad
401 963 487 1004 unum
516 947 636 1004 milliare
655 953 697 1004 est

100 1037 206 1089 mons,
222 1019 269 1092 qui
284 1017 442 1090 appellatur
459 1018 575 1076 Galilaea
593 1040 599 1075 ε
617 1027 644 1074 et
658 1018 698 1074 di-

101 1097 180 1150 cunt
190 1091 393 1163 quidamquod
408 1089 455 1146 ille
468 1095 512 1146 est
527 1105 609 1146 mous
627 1105 697 1162 prae·

101 1163 205 1226 dictus
232 1163 268 1219 ad
296 1177 381 1234 quem
410 1160 540 1233 discipuli
567 1161 698 1218 undecim

102 1235 255 1302 abierunt,
271 1249 328 1289 non
344 1235 410 1298 onia
431 1248 513 1288 mons
526 1231 561 1288 sit
575 1231 604 1288 iu
619 1233 696 1290 Dali-

102 1307 176 1377 laea,
194 1320 258 1361 cum
269 1302 461 1367 sittntuuaea,
475 1305 525 1360 sed
538 1307 604 1376 quia
618 1320 699 1360 mons

104 1377 166 1435 iste
191 1375 352 1448 appellatur
375 1375 509 1445 Galilaea3
535 1374 594 1441 atii,
624 1375 719 1446 quod*

106 1448 209 1520 magis
228 1447 347 1515 ridetur,
368 1448 464 1503 dicunt
486 1447 540 1502 hoc
563 1446 646 1503 luisse
670 1446 699 1502 iu

105 1527 212 1577 monte
227 1516 381 1589 Thabor,iu
391 1534 446 1589 quo
459 1520 593 1575 Dominus
607 1525 697 1574 traus-

107 1592 256 1664 figuratus
280 1589 341 1658 luit,
367 1589 414 1662 qui
439 1605 504 1646 rere
530 1589 560 1645 iu
585 1589 713 1663 Galilaea,

107 1661 256 1721 consistit.
284 1659 326 1717 lbi
353 1660 430 1717 euim
460 1659 565 1733 paucis,
594 1660 702 1717 scilicet

107 1734 209 1792 trihus
226 1731 371 1804 discipulis
397 1733 560 1789 ostenderat
581 1732 701 1804 gloriam

106 1823 187 1864 suae·
204 1805 304 1861 tuturae
325 1804 570 1872 Resurrectionis;
589 1809 618 1861 et
638 1803 702 1860 ideo

107 1877 151 1935 ibi
170 1875 419 1933 Resurrectionem
436 1891 518 1932 suam
533 1877 702 1947 completam

111 1948 303 2006 manifestare
316 1946 404 2003 voluit
413 1946 545 2004 omnibus
555 1945 703 2003 suisdisci·

111 2016 703 2102 pulis.Undeprobabilitercredrlurquod

110 2091 152 2148 tbi
182 2090 270 2147 etiam
292 2089 406 2146 luerunt
426 2088 573 2161 quingenti
600 2089 703 2144 tratres

112 2166 225 2235 praeter
239 2161 389 2232 praedictos
398 2161 529 2217 undecim
540 2159 703 2231 discipulos,

110 2241 141 2291 et
162 2233 242 2294 uuod
253 2232 303 2288 illa
316 2232 366 2289 luit
381 2230 583 2300 manifestatio,
598 2231 633 2287 de
649 2245 706 2302 qua

114 2305 153 2362 ad
170 2302 334 2362 Corinthios
359 2303 458 2360 scribit
480 2304 632 2374 Apostolus
658 2300 704 2357 di-

115 2393 187 2433 cens
203 2375 403 2431 :Deindecisos
416 2375 523 2445 estplos
532 2376 705 2444 qoamqoin·

112 2451 209 2517 uentis
223 2447 469 2514 fratribusoimu13
481 2445 527 2502 hic
541 2451 704 2502 tamennon

113 2519 319 2588 exprimuntur
345 2515 398 2574 uisi
421 2515 551 2572 undecim
565 2517 704 2588 Apostoli,

113 2590 188 2662 quia
200 2593 282 2646 erant
297 2587 469 2661 principales
480 2587 608 2659 discipuli
623 2585 705 2644 Chri·

114 2663 168 2718 sti.
182 2661 424 2718 UndeBosebius:
439 2661 607 2716 «Duoeuim
621 2661 707 2714 Eran-

114 2733 241 2804 gelistae,
257 2730 364 2788 scilicet
379 2732 467 2787 Lucas
484 2735 512 2786 et
523 2733 649 2788 ioannes
660 2745 707 2786 so·

115 2806 156 2862 lis
175 2803 308 2860 undecim
323 2803 400 2859 huuc
413 2801 541 2858 scribunt
556 2801 705 2874 apparuis-

118 2894 151 2935 se
169 2875 197 2932 iu
211 2874 388 2943 Jerusalem3
403 2873 489 2930 ceteri
504 2889 569 2929 vero
587 2875 614 2928 iu
630 2873 708 2929 Gati-

121 2943 707 3018 laeamproperare:nonsulumuudeeim,

118 3020 173 3077 sed
195 3015 334 3076 universis
353 3015 509 3089 discipulis,
526 3021 555 3072 et
573 3013 709 3072 iratribus

120 3091 257 3150 dixerunt
277 3089 415 3160 Angelum
430 3091 458 3144 et
474 3087 648 3145 salvatorem
668 3085 709 3141 ri-

122 3155 709 3232 dissr,dequibtrsetPaulusmeminitdi-

125 3250 210 3291 oens:
222 3233 323 3288 Deinde
335 3234 411 3287 uisos
422 3237 462 3286 est
469 3232 535 3302 plus
543 3231 712 3301 qemmqetn·

125 3301 709 3376 penttsfrolrtbussimol:ubaecltusebios.

127 3375 279 3444 Quomodo
294 3383 389 3432 autem
402 3379 445 3428 tot
458 3373 560 3430 fratres
569 3377 651 3428 eraut
660 3370 711 3436 ibi,

127 3464 193 3506 cum
210 3453 306 3519 aperte
320 3446 430 3502 dicatur
443 3443 473 3500 iu
493 3445 620 3512 Actibus,
637 3441 713 3515 quod

128 3535 230 3576 omues
251 3515 382 3590 discipuli
400 3521 482 3572 crant
505 3515 533 3572 in
556 3515 714 3572 Jerusalem

128 3593 158 3647 in
173 3589 319 3647 coeuarulo
334 3586 509 3660 cougregati,
519 3591 547 3642 et
562 3602 618 3642 non
632 3591 715 3642 erant

131 3661 306 3718 uincentum
322 3658 434 3731 viginti.t
454 3659 552 3714 Potest
568 3656 624 3712 dici
639 3658 714 3728 quod

129 3749 231 3790 omues
246 3731 395 3789 credentes
414 3729 449 3786 de
467 3727 626 3786 Jerusalem
651 3742 716 3783 cum

129 3803 274 3876 Apostolis
297 3819 354 3859 uon
368 3807 450 3859 eraut
472 3797 525 3855 nisi
540 3805 653 3856 centum
676 3797 716 3853 vi-

130 3875 222 3947 ginti3
247 3873 326 3930 multi
353 3879 448 3930 autem
463 3879 546 3928 eraut
570 3872 718 3926 credentes

132 3952 168 4004 de
185 3945 248 4003 aliis
272 3945 433 4002 civitatibus
457 3947 485 3999 et
508 3941 600 4022 locis,
615 3940 719 4012 quihus

133 4018 217 4075 simul
241 4032 379 4087 apparere
404 4013 502 4080 voluit,
529 4013 565 4069 ad
593 4027 719 4092 ipsorum

135 4087 368 4150 consolationem,
385 4086 458 4143 sicut
478 4095 507 4141 et
527 4083 600 4140 aliis.
627 4086 659 4139 Et
682 4085 720 4138 ibt

134 4159 241 4218 scilicet
254 4159 284 4216 iu
300 4165 397 4215 monte
409 4157 540 4230 apparuit
559 4154 600 4211 eis
620 4155 721 4211 Domi-

137 4248 201 4301 nus,
216 4230 285 4304 quia
300 4229 341 4285 illi
361 4245 425 4286 eum
445 4227 613 4300 quaudoque
627 4226 722 4282 ridere

137 4305 322 4361 merebuntur
347 4299 377 4356 iu
400 4299 550 4356 altitudine
574 4299 722 4365 coelorum,

136 4376 183 4446 uui
197 4391 270 4431 tinne
283 4369 481 4429 celsitudinem
495 4369 677 4443 perfectiouis
696 4385 724 4425 a·

749 521 918 578 scandentes
942 521 970 578 in
992 521 1050 578 ima
1063 523 1174 578 caleant
1191 519 1334 578 desideria

749 597 937 649 terrenorum.
955 593 1032 649 Dude
1046 593 1086 648 ait
1102 594 1230 650 tritomo
1246 611 1251 646 :
1270 611 1283 643 u
1301 594 1331 648 lu

750 671 845 720 monte
860 665 907 736 qui
919 663 1113 736 lemapparuit
1123 663 1163 720 eis
1176 663 1311 720 Dominus
1325 679 1331 716 :

750 737 780 789 nl
793 735 887 807 siguiti
898 741 968 792 :aret
984 735 1119 806 qtortiam
1135 751 1237 804 corpus
1256 733 1333 806 qum

749 807 784 863 de
809 805 953 864 communi
982 808 1093 876 generis
1121 805 1236 862 humtui
1258 811 1334 860 terra

750 878 891 935 nascendo
908 877 1042 948 suscepit,
1054 878 1114 950 jtm
1131 893 1216 948 super
1240 875 1335 933 omnia

750 953 865 1005 terrena
880 949 1054 1020 resurgendo
1077 949 1290 1012 sublevaverat;
1308 953 1334 1001 ot

752 1025 782 1076 ut
796 1021 962 1078 admoneret
973 1020 1082 1088 lldeles,
1091 1020 1115 1076 si
1125 1019 1183 1076 illie
1194 1017 1335 1076 celsitudi-

752 1107 818 1148 nem
835 1091 1060 1148 Resurrectionis
1075 1093 1136 1164 eJus
1155 1092 1274 1162 cupiunt
1293 1088 1334 1144 ri·

752 1159 895 1230 dere‚’hio
915 1165 950 1220 ab
970 1162 1076 1220 iullmis
1090 1162 1280 1234 voluptatibus
1300 1160 1336 1216 ad

753 1251 876 1307 superna
884 1239 1017 1292 studeant
1025 1233 1293 1292 desideriatransire
1305 1249 1311 1286 :
1322 1252 1334 1283 u

754 1309 815 1364 haee
828 1307 967 1363 Dabanas.

790 1399 804 1435 α
827 1379 964 1434 Porasrts
981 1395 1051 1434 ntra
1070 1379 1186 1436 Cumsro
1205 1395 1237 1435 ur
1255 1387 1347 1433 uotu-¹

753 1467 792 1506 ru.
807 1480 843 1492 -
857 1453 892 1504 Et
908 1447 1040 1520 Discipuli
1055 1451 1205 1507 Dominum
1215 1449 1339 1510 uidentes

754 1524 860 1586 rivum,
876 1521 1061 1576 adorauerunt
1074 1537 1145 1589 eom,
1162 1520 1191 1577 ln
1217 1520 1339 1584 adventu

756 1609 818 1660 suo,
836 1589 1001 1648 alorttione
1020 1592 1120 1658 latriae,
1137 1599 1165 1648 et
1184 1600 1249 1648 aute
1275 1608 1339 1652 eum

756 1661 978 1720 humiliaverunt
991 1679 1020 1719 se
1031 1664 1178 1719 credentes
1191 1663 1340 1723 Dominum

759 1737 858 1802 Deum,
878 1739 906 1790 et
925 1733 1069 1791 hominem
1087 1734 1278 1792 immortalem
1296 1752 1340 1794 re-

735 1805 927 1874 ·surrexisse;
948 1807 1063 1876 quidum
1081 1811 1172 1863 autem
1195 1807 1342 1864 dubitaue-

756 1883 833 1944 runt,
851 1881 966 1949 propter
985 1875 1025 1933 rei
1038 1877 1201 1938 novitatem.
1219 1895 1341 1950 quorum

758 1947 897 2005 dubitatio
920 1954 1046 2004 nostram
1077 1955 1162 2020 auget
1188 1949 1284 2020 tidem,
1308 1969 1340 2008 et

759 2035 814 2091 quo
837 2023 913 2100 patet
938 2019 1015 2100 quod
1037 2018 1075 2076 ibi
1091 2026 1172 2078 erant
1192 2021 1239 2076 alii
1257 2039 1341 2092 quam

758 2092 895 2160 Apostoli,
910 2105 958 2160 qut
976 2105 1074 2146 omues
1088 2098 1169 2148 erant
1182 2093 1341 2162 certificati,

760 2161 845 2218 etium
858 2161 991 2230 Thomas,
1004 2159 1054 2232 qui
1071 2165 1142 2218 iuter
1156 2179 1206 2220 eos
1221 2163 1274 2220 luit
1288 2182 1343 2222 ma-

760 2235 802 2306 gis
816 2231 989 2288 incredulus.
1007 2231 1147 2290 Dubitatio
1163 2234 1277 2306 quidem
1292 2236 1341 2292 di-

760 2303 945 2374 scipulorum,
967 2309 1070 2360 nostrae
1091 2306 1155 2361 tldei
1171 2306 1224 2362 l'uit
1238 2307 1342 2364 confir·

761 2373 867 2432 matio:
883 2373 986 2501 quippe
995 2391 1052 2458 quo
1062 2376 1185 2448 amplius
1196 2377 1343 2436 dubitave-

762 2453 838 2515 runt,
865 2462 898 2502 eo
922 2447 1070 2504 sollertius
1096 2447 1295 2520 inquisierunt,
1317 2457 1345 2506 et

763 2534 818 2590 quo
840 2519 934 2573 verius
959 2519 1163 2590 probaverunt,
1179 2537 1213 2577 eo
1237 2522 1346 2578 lirntius

762 2588 961 2658 credideruut;
976 2593 1005 2645 et
1019 2605 1075 2646 nou
1089 2591 1182 2648 solum
1195 2591 1280 2649 fidem
1295 2609 1344 2650 uo·

763 2665 851 2717 stram
865 2663 905 2716 sic
917 2661 1184 2730 corroboraverunt,
1196 2665 1245 2720 sed
1258 2665 1345 2722 etiam

763 2733 963 2788 hereticorum
978 2735 1122 2790 vesaniam
1134 2737 1343 2792 destruxerunt.

765 2803 831 2859 Pius
846 2807 941 2859 autent
955 2808 983 2858 et
996 2804 1122 2860 clemens
1132 2805 1268 2862 Dominus
1284 2825 1346 2864 cre-

765 2875 866 2930 dentes
876 2873 906 2928 in
921 2873 978 2930 tide
994 2875 1146 2944 confortat,
1159 2882 1187 2932 et
1201 2878 1285 2933 tidem
1299 2895 1349 2934 en-

766 2959 828 3002 rum
843 2945 975 3009 roborat:
993 2961 1026 3000 ac
1040 2945 1142 3002 dubios
1161 2947 1196 3002 ad
1211 2947 1294 3004 fidem
1306 2966 1351 3005 re·

766 3014 854 3084 ducit,
869 3023 897 3072 et
911 3015 1085 3096 dubietatem
1100 3033 1198 3074 eorum
1214 3020 1292 3076 etclu
1306 3019 1347 3079 iit.

766 3086 902 3144 intimans
927 3102 969 3142 ets
995 3086 1032 3143 ad
1058 3093 1203 3160 quamtam
1252 3090 1352 3148 loriam

768 3155 936 3229 pervenerit.
946 3157 1036 3228 Unde,
1048 3168 1078 3214 ut
1093 3175 1207 3216 omnem
1242 3162 1351 3218 uhicta·

767 3236 824 3286 tem
837 3245 855 3285 a
868 3230 1000 3285 cordibus
1018 3245 1118 3287 eorum
1134 3231 1266 3290 auferret.
1283 3249 1355 3289 circe·

767 3301 1030 3358 denotesosloeutus
1044 3307 1085 3356 eol
1094 3303 1186 3370 eis,ad
1197 3303 1355 3360 cerlillcuu·

769 3377 836 3428 dum
849 3387 899 3428 eos
910 3371 946 3427 de
955 3387 1006 3428 sua
1015 3373 1231 3430 Resurrectioue
1243 3376 1356 3444 dubios,

769 3445 862 3500 dicens
875 3445 1006 3500 :Dutoest
1015 3446 1086 3500 mitt
1096 3447 1184 3501 omnis
1196 3451 1316 3517 potestus
1327 3449 1356 3502 in

771 3517 835 3572 ooelo
852 3519 878 3570 et
897 3517 927 3570 in
941 3521 1034 3576 terra:
1056 3514 1123 3587 quia
1138 3519 1201 3573 licet
1216 3517 1356 3585 Christus,

771 3586 1355 3658 quantumaddivinitatemabaeternoha·

771 3660 853 3716 beret
864 3659 936 3713 haue
949 3664 1128 3726 potestatem,
1137 3666 1165 3714 et
1175 3658 1205 3715 iu
1217 3667 1355 3731 quantum

773 3731 857 3786 houtu
867 3728 1026 3785 abiustanti
1036 3730 1229 3802 conceptionis
1239 3733 1357 3788 haberet

774 3805 941 3872 potestatem
952 3798 1061 3856 iucoelo
1075 3805 1104 3856 el
1119 3803 1148 3857 iu
1158 3807 1249 3868 terra;
1264 3809 1359 3860 aucto·

775 3875 888 3927 ritatem
902 3877 997 3925 tamen
1011 3871 1168 3928 exsecutire
1186 3889 1240 3930 nou
1261 3876 1359 3932 habuit

776 3947 842 3999 ante
858 3957 937 3998 suam
958 3941 1217 4004 Resurrectionem.
1231 3949 1288 4014 ‚sed
1310 3963 1358 4003 vo·

778 4013 830 4070 luit
845 4012 1023 4084 passibilitati
1040 4029 1102 4071 esse
1119 4015 1271 4086 subjectus,
1293 4034 1360 4089 pro·

777 4093 841 4157 pter
853 4090 981 4140 nostram
995 4087 1230 4158 redemptionem.
1247 4091 1304 4144 lioc
1319 4105 1361 4145 er·

778 4173 814 4228 go
834 4155 991 4238 loquitura
1013 4165 1094 4228 pute
1115 4159 1314 4226 humanitatis,
1333 4159 1361 4216 in

780 4243 836 4300 qua
849 4227 959 4284 modico
983 4244 1069 4300 quam
1086 4229 1187 4300 hugeli
1203 4230 1361 4286 minoratus

782 4306 842 4364 ost3
865 4315 922 4354 uon
937 4305 1068 4356 autema
1095 4307 1176 4372 parte
1200 4299 1369 4366 divinitatis,

784 4373 810 4426 in
828 4387 884 4441 qua
900 4371 976 4427 Patri
993 4377 1036 4429 est
1047 4387 1175 4440 consors,
1190 4376 1217 4427 et
1234 4388 1363 4442 roae-tua·
