2974 5040
217 389 255 440 lili
282 386 430 440 SECUNDO
459 387 703 446 ucbrltllcittb
733 391 763 446 tl
791 393 957 450 Passtosl
985 396 1112 453 bottul.
1237 401 1280 456 tal

610 569 740 629 ORATIO

71 745 209 804 Domine
223 750 291 804 lesu
305 746 426 816 christe,
441 749 489 820 qui
505 749 576 807 bora
592 747 775 820 Complatorii
791 753 967 810 aromatibus
982 753 1050 828 ungi
1066 759 1095 812 et
1112 756 1234 827 condiri,
1250 777 1284 820 ac

27 820 176 875 sindone
195 826 225 876 et
243 819 305 876 aliis
324 819 419 877 lmtcis
439 819 556 884 involvi,
577 830 605 878 et
625 821 718 894 ligari,
738 825 827 879 liatre
846 839 958 896 quisque
977 831 1026 882 tua
1049 831 1077 882 ct
1101 827 1165 886 aliis
1184 830 1284 889 amicis

28 891 97 948 tuis
110 891 340 948 lamentantibus
354 893 389 948 ad
403 892 597 964 sepeliendum
608 893 715 966 portari
727 899 755 950 et
767 897 881 965 sepeliri
894 896 1021 966 voluisti;
1034 897 1071 956 da
1081 899 1161 970 mibi,
1174 917 1282 973 quaeso,

28 968 66 1018 ut
81 969 119 1019 te
136 962 315 1044 aromatibus
331 963 466 1046 iuungam
480 981 530 1046 per
548 965 703 1022 ferventem
718 966 909 1038 devotionem,
928 976 956 1025 et
968 971 1072 1027 bonam
1085 974 1281 1032 conversatio·

29 1051 110 1090 nem
126 1051 134 1102 ;
148 1034 272 1091 sindone
287 1039 316 1092 et
328 1035 544 1094 linteaminibus
558 1043 585 1093 tc
602 1036 754 1106 involvam,
770 1054 822 1110 per
847 1041 983 1098 mundam
1000 1043 1152 1102 allectione
1168 1051 1196 1102 et
1210 1063 1278 1104 con·

29 1105 181 1163 scientiae
195 1106 364 1188 puritatem
381 1107 522 1165 lamenter
545 1113 572 1164 tc
588 1109 720 1192 lacrymis
735 1110 911 1182 poenitentiae
930 1119 959 1170 et
978 1114 1195 1186 compassionis,
1209 1134 1282 1190 por-

30 1183 168 1250 remque
187 1177 311 1260 brachiis
332 1178 489 1236 caritativae
511 1185 539 1236 et
556 1181 671 1238 humilis
699 1182 887 1254 operationis;
909 1188 937 1241 et
955 1185 1092 1257 sepeliam
1107 1190 1136 1244 te
1150 1188 1181 1246 in
1196 1191 1282 1248 corde

31 1265 125 1332 meo,
145 1265 198 1319 per
209 1266 308 1322 Jugem
320 1251 558 1322 recordationem,
568 1257 596 1310 et
611 1269 796 1322 memoriam3
813 1259 843 1312 ut
855 1260 884 1312 et
895 1255 1007 1328 egotibi
1017 1260 1203 1333 consepultus
1219 1277 1280 1334 par·

29 1335 147 1378 venire
158 1329 252 1378 tecum
270 1337 381 1380 merear
397 1323 434 1380 ad
447 1323 666 1383 resurrectionis
680 1325 802 1398 gloriam
816 1327 919 1386 Amen.

519 1661 658 1738 CAPUT
695 1664 812 1735 LXVll

228 1885 370 1933 minusca
383 1885 534 1933 boumont
555 1884 721 1944 cassinum,
742 1887 779 1932 ΕΤ
799 1887 837 1934 Db'
852 1887 952 1934 LAUD}
970 1888 1085 1934 cunels.

81 2101 92 2136 t
118 2081 222 2136 Pnssro
245 2080 355 2138 Cnnrsrv
376 2097 455 2138 uonrs
470 2099 524 2140 nus
538 2099 635 2139 asnnrr
690 2087 858 2138 nontamen
875 2081 910 2138 de
930 2081 1018 2138 nibilo
1037 2087 1066 2138 te
1086 2081 1277 2154 redemptum.

38 2167 198 2208 anastasii.
213 2151 411 2210 -Considera
421 2170 496 2210 nunc
507 2170 570 2226 quaa
583 2170 634 2223 pro
690 2155 743 2211 Sex
758 2153 857 2210 diebus
873 2151 1000 2209 condidit
1015 2151 1122 2222 omnia,
1140 2161 1169 2209 et
1187 2157 1217 2209 te
1234 2155 1278 2209 in-

39 2223 141 2280 salute
158 2222 283 2280 bominis
298 2223 558 2296 omnitempore,et
569 2242 634 2298 spe·
688 2231 734 2282 ter
748 2227 853 2287 omnia.
871 2227 905 2280 At
920 2240 988 2281 vero
1004 2240 1053 2294 per
1067 2230 1144 2282 totos
1157 2223 1277 2294 triginta

40 2295 366 2376 cialiter-hodiepassus
382 2305 426 2353 est
440 2297 589 2366 Dominus,
604 2301 636 2354 ut
689 2313 780 2354 annos
796 2301 931 2368 operatus
950 2300 994 2352 est
1011 2295 1131 2353 salutem
1154 2301 1233 2353 tuam
1248 2294 1278 2352 in

40 2367 112 2422 inde
141 2367 276 2424 advertas
301 2374 438 2440 quantum
458 2368 513 2426 sibi
532 2371 636 2427 debeat
689 2369 782 2425 medio
808 2375 903 2425 terrae.
930 2368 951 2426 0
977 2373 1114 2438 quantum
1136 2368 1276 2425 laboravit

42 2437 169 2510 quilibet
182 2437 357 2497 Christianus
370 2457 376 2509 ;
392 2441 452 2496 haec
468 2440 544 2498 enim
571 2457 634 2512 quae
689 2439 847 2497 sustinensl
866 2460 879 2493 v
894 2441 957 2496 baec
972 2442 1140 2497 bernardus.
1154 2439 1233 2497 Unde
1248 2443 1276 2496 et

44 2511 191 2580 pronubis
201 2512 634 2584 passusest‚superomniaquae
687 2513 851 2568 Ambrosius
870 2529 877 2568 :
894 2531 908 2564 u
925 2512 991 2569 Plus
1010 2513 1108 2585 itaque
1121 2511 1190 2570 mibi
1205 2529 1274 2569 con-

42 2587 182 2654 operatus
210 2591 263 2652 cst,
284 2583 366 2640 valde
391 2584 544 2642 amabilem
568 2601 635 2642 eum
688 2584 752 2640 tulit
769 2587 841 2642 Deus
861 2583 1040 2654 redimendo,
1063 2601 1149 2657 quam
1172 2600 1273 2641 creau-

44 2653 131 2710 nobis
146 2655 280 2720 reddunt,
297 2660 326 2712 et
341 2671 393 2712 nos
408 2656 444 2712 ad
457 2673 523 2714 eum
538 2672 635 2713 antan-
688 2655 735 2712 do.
756 2657 886 2730 creando
902 2655 1006 2729 quippe
1030 2673 1075 2713 me
1095 2656 1166 2714 mibi
1181 2656 1271 2725 dedii,

42 2725 114 2782 dum
139 2724 244 2782 lortius
266 2729 437 2799 astringunt.
462 2729 542 2784 Unde
567 2727 635 2784 dicit
688 2727 858 2784 redimendo
870 2735 977 2796 autem,
993 2735 1021 2784 et
1042 2745 1167 2802 seipsum
1186 2728 1276 2797 dedit,

41 2799 207 2853 Bernartius
220 2817 252 2854 :u
266 2798 353 2855 Valde
364 2797 481 2856 omnino
493 2800 634 2856 amandus
689 2807 717 2854 et
730 2815 775 2854 me
792 2798 860 2854 mibi
877 2798 1009 2855 reddidit.
1023 2803 1131 2872 ltaque,
1142 2799 1165 2855 si
1178 2815 1224 2856 me
1236 2809 1275 2856 to·

40 2877 87 2926 est
115 2867 199 2937 mibi,
225 2885 274 2938 per
297 2885 380 2942 quem
407 2886 481 2939 sum,
506 2871 579 2935 vivo,
606 2876 635 2927 ct
688 2870 797 2926 tumilli
814 2872 903 2928 debeo
918 2886 968 2942 pro
983 2886 1028 2926 me
1038 2869 1200 2941 lacto,qoid
1211 2872 1271 2942 jam

40 2939 137 3008 sapio.
153 2940 209 2997 Pro
221 2941 265 2998 bis
277 2957 345 3013 ergo
357 2941 397 2998 ita
409 2958 470 2999 sum
484 2948 632 3013 amanste,
688 2941 792 2997 addam
820 2957 870 3010 pro
890 2957 935 2996 me
957 2941 1085 2996 relecto?
1110 2943 1172 2997 Non
1197 2941 1273 2998 enim

40 3023 186 3084 quantum
211 3027 337 3084 possum.
355 3013 409 3070 Sed
427 3014 563 3086 estquod
587 3030 633 3071 me
690 3021 747 3069 tam
763 3011 845 3068 facile
857 3013 1063 3078 sumrot'ectus,
1077 3027 1159 3084 quam
1172 3012 1273 3070 lactus.

63 3087 110 3141 lus
120 3089 225 3148 movet,
238 3084 300 3156 plus
315 3090 406 3156 urget,
416 3085 480 3157 plus
490 3086 631 3142 accendit.
690 3083 834 3153 Siquidem
853 3083 888 3139 de
908 3082 985 3140 omni
998 3085 1073 3155 quod
1086 3085 1192 3141 lactum
1205 3089 1249 3141 est
1263 3101 1270 3140 ε

40 3101 139 3228 ¹Sjuper
152 3155 257 3224 omnia,
274 3155 401 3228 inquam,
418 3157 512 3214 reddit
523 3156 631 3214 amabi·
688 3155 757 3224 dixit
773 3159 801 3209 ct
814 3154 889 3211 lacta
902 3161 986 3222 sunt3
1011 3158 1040 3210 in
1056 3171 1101 3211 me
1116 3161 1213 3212 autem
1229 3172 1275 3211 re·

42 3228 103 3284 lem
121 3232 149 3283 te
167 3226 247 3296 mibi,
262 3229 337 3285 bone
357 3230 434 3297 lesu,
451 3228 523 3286 calix
545 3244 630 3301 quem
688 3226 822 3294 ficiendo,
839 3231 867 3282 et
882 3225 953 3282 dixit
968 3225 1068 3294 multa,
1082 3231 1111 3282 et
1123 3229 1211 3298 gessit
1227 3225 1277 3282 mi-

43 3297 156 3366 bibisti,
183 3314 253 3371 opus
275 3305 380 3356 nostrae
408 3299 631 3373 redemptionis;
687 3315 730 3366 ra,
746 3303 775 3354 et
789 3296 904 3364 pertulit
915 3297 998 3365 dura,
1010 3313 1062 3352 nec
1074 3298 1275 3367 tantumdura,

45 3373 104 3428 boc
121 3369 237 3426 omnino
260 3387 387 3428 amorem
405 3379 533 3428 nostrum
551 3371 633 3429 lacile
688 3370 738 3426 sed
749 3368 834 3426 etiam
845 3369 982 3440 indigna:
998 3391 1008 3418 ι
1028 3369 1088 3425 baec
1101 3369 1275 3426 Ambrosius.

47 3443 178 3500 vendicat
193 3443 357 3501 totumsibi.
375 3445 441 3506 Hoc.
453 3442 634 3516 inquamest
725 3463 738 3498 s
759 3442 863 3498 Passus
890 3458 938 3498 nsr
953 3441 1078 3498 Donamus
1093 3457 1158 3497 oum
1175 3457 1276 3510 annun,

67 3513 125 3571 uod
136 3519 263 3571 nostram
283 3515 465 3572 devotionem
492 3521 520 3572 ct
548 3516 631 3574 blan·
687 3531 794 3571 nnnsuo
809 3531 841 3569 sn
854 3529 987 3569 rsnrons.
1000 3543 1034 3553 -
1049 3513 1109 3569 Non
1126 3519 1168 3568 est
1181 3519 1276 3570 autern

46 3532 113 3643 iius
127 3584 223 3667 allicit,
238 3593 265 3642 ct
277 3588 382 3659 justius
397 3585 494 3659 exigit,
507 3592 535 3643 et
549 3586 632 3644 arcti·
687 3585 887 3642 aestrmandum
902 3583 978 3712 (guod
991 3583 1135 3667 Pas-ionis
1145 3601 1203 3642 suae
1219 3601 1277 3657 poe·

47 3659 220 3728 usstnngit,
250 3663 278 3714 et
303 3659 393 3716 allicit
422 3659 630 3716 vehementius.
687 3674 734 3727 na,
754 3659 782 3713 in
799 3659 861 3729 eius
881 3673 973 3713 somn
989 3665 1120 3729 raptume
1145 3661 1174 3713 et
1187 3656 1276 3713 tradi-

49 3732 165 3788 llultom
179 3727 281 3812 quippe
295 3729 474 3787 laboravitin
489 3745 522 3786 eo
536 3731 631 3787 Salva·
687 3729 763 3786 tione
788 3727 873 3785 luerit
897 3729 1045 3796 inchoata;
1068 3728 1117 3784 sed
1133 3728 1227 3801 potius
1241 3729 1276 3785 ab

50 3807 106 3864 tor,
120 3816 170 3856 nec
189 3817 217 3856 m
232 3804 308 3858 omui
327 3801 427 3858 mundi
444 3801 554 3858 labrire
568 3809 631 3856 tan·
687 3800 804 3856 instanti
829 3815 888 3856 suae
912 3799 1108 3871 conceptionis
1131 3816 1221 3868 usuue
1241 3801 1275 3858 ad

49 3881 109 3931 tum
137 3871 311 3944 fatigationis
338 3878 438 3930 auctor
465 3872 629 3944 assumpsit.
687 3878 809 3928 mortem
823 3873 884 3942 ejus
900 3870 1020 3927 duravit.
1039 3875 1108 3926 ttum
1119 3871 1278 3930 enimmor-

50 3945 109 4002 ltlic
133 3943 252 4016 denique
277 3968 284 4002 :
309 3948 390 4002 llicit
413 3951 438 4000 et
458 3948 631 4012 factasunt,
687 3949 743 3999 tem
770 3959 852 3998 suam
875 3941 1100 4010 acerbissimam,
1118 3959 1204 4014 quam
1226 3959 1277 4016 pro

49 4015 189 4074 mandauit
212 4023 237 4071 et
261 4022 353 4073 cremo
372 4023 450 4086 sunt;
470 4015 516 4072 bic
536 4031 602 4071 vero
624 4033 631 4071 ι
688 4015 779 4072 salute
805 4019 904 4070 nostra
921 4012 980 4085 pati
997 4017 1087 4071 voluit
1114 4015 1277 4072 firmissime

50 4095 77 4147 ct
93 4087 120 4144 in
134 4087 215 4144 dictis
224 4087 632 4145 suissustinnitcontradicto·
687 4086 843 4158 praesciret.
861 4094 890 4142 et
904 4102 967 4142 eam
982 4087 1105 4144 suturam
1121 4086 1278 4144 inlallibili·

50 4177 106 4228 res,
122 4165 148 4218 ei
163 4158 191 4216 in
215 4159 297 4216 lactis
321 4161 533 4228 observatores,
553 4167 581 4214 et
603 4158 632 4214 in
687 4165 732 4214 ter
760 4163 957 4227 cognosceret,
986 4161 1112 4230 oportuit
1144 4159 1221 4231 quod
1252 4161 1278 4212 in
1334 4183 1339 4196 ·

54 4231 195 4290 tormentis
205 4230 348 4300 illusores,
356 4231 525 4289 etinmorte
535 4247 633 4304 expro-
687 4231 815 4302 qualibet
837 4229 910 4286 bora
925 4245 976 4300 pro
991 4247 1026 4288 ea
1044 4230 1214 4287 naturaliter
1228 4229 1278 4284 do·

57 4307 216 4362 tiatorem
239 4305 273 4359 Et
296 4305 424 4361 iterum:
449 4325 464 4355 a
491 4305 633 4360 Memento
688 4301 1279 4373 leret,prasertimcumcogttarettsntam

55 4392 105 4448 Janr
118 4377 214 4446 bomo,
235 4375 289 4434 etsi
306 4376 341 4432 de
365 4375 456 4433 nihilo
471 4379 500 4434 te
515 4376 633 4444 lactum,
688 4373 797 4432 doloris
822 4373 1053 4445 generalitatem,
1071 4389 1136 4444 quae
1162 4387 1214 4444 per
1240 4373 1281 4424 to·
