3036 5042
221 464 259 518 nn
286 464 592 532 lassiortlbolllrtt
620 465 827 528 habilibus,
858 464 888 516 ll
918 463 1095 518 aliialii.
1260 463 1274 514 3

62 586 144 644 mens,
153 568 211 628 sine
225 569 412 629 delectatione
422 577 519 628 manet
532 567 632 627 intrin·
685 585 783 626 rorum
794 567 967 626 cruciatibus
980 567 1197 641 mitigatumPrr
1205 570 1276 626 mat-

62 657 144 700 secns.
156 641 243 700 aldeo
255 641 299 699 sir
312 651 428 700 sanctus
437 643 522 700 debet
535 641 631 701 dicere
686 647 730 698 tas
744 657 812 712 ergo
832 641 1026 698 tribulationes
1044 646 1150 713 oportet
1166 655 1216 697 aas
1235 643 1277 696 ia-

63 729 119 771 cum
129 715 633 786 Propheta:chaitconsnlariaaima
688 719 764 769 trare
776 716 807 770 in
821 729 937 782 regnam
952 715 1097 776 catoruma
1113 712 1190 784 quod
1205 713 1278 770 hene

61 803 124 846 meo.
138 785 243 844 scilicet
259 785 392 848 exterius.
409 791 437 844 et
454 785 518 844 ideo
534 785 573 844 ibi
589 801 633 843 so·
688 785 828 856 liguratur
842 800 894 857 per
911 785 965 840 hoc
981 785 1059 856 quod
1076 800 1143 841 crux
1162 783 1279 856 ponitur

62 857 171 929 quitur:
188 860 292 914 Memor
309 860 354 926 (at
368 861 428 927 liei,
441 863 467 916 et
485 859 635 914 delectatas
688 856 764 914 inter
774 857 893 912 chorum
904 861 932 912 et
946 857 1087 913 cancellos
1098 855 1238 919 ecclesiae,
1250 859 1279 910 at

61 945 124 986 sam.
138 930 215 986 Unde
226 929 411 987 bicharduso
425 931 524 987 Sancto
540 933 635 988 Victa·

60 1017 107 1056 re:
123 1023 137 1052 a
151 1001 308 1072 Numquam
322 999 482 1059 intellectus
495 1001 532 1058 ad
550 1001 636 1059 caele·

61 1071 638 1146 stinmcantcmptationemperiecteattra·

61 1142 139 1204 bitur.
152 1145 204 1200 nisi
219 1159 287 1202 caro
299 1143 329 1202 in
342 1143 511 1202 necessariis
525 1143 638 1201 sortiter

61 1215 222 1273 retrahatur.
251 1237 266 1268 n
297 1215 377 1274 Unde
400 1223 428 1272 et
458 1216 636 1286 Caeparius:

63 1305 75 1338 a
89 1286 114 1344 si
127 1304 145 1345 a
158 1303 245 1344 carne
259 1288 314 1344 hoc
329 1287 476 1360 quodlibet
489 1286 638 1346 abscindi-

60 1373 127 1441 mus,
141 1375 209 1441 ,mox
233 1361 262 1416 in
284 1359 387 1433 spiritu
413 1359 490 1433 quod
518 1359 639 1418 delectet

62 1445 240 1488 rnramemns.
256 1450 277 1483 a

92 1507 107 1558 b
122 1503 238 1559 Camsro
252 1503 406 1559 Sassuram
420 1517 637 1558 consummana.

60 1603 91 1616 -
100 1572 288 1646 compatiaris
299 1571 384 1646 igitur
392 1571 532 1630 salvatori
541 1577 639 1629 nostro

60 1645 131 1714 lesu,
147 1644 314 1703 memoriam
331 1643 475 1702 Passionis
492 1647 520 1700 ct
540 1644 638 1701 vrrlne-

61 1731 118 1774 ram
133 1719 192 1788 ejus
207 1715 238 1774 in
255 1715 341 1774 corde
359 1723 407 1774 tuo
420 1715 564 1783 habendo,
577 1732 639 1772 cer-

60 1787 160 1846 tissime
175 1789 326 1847 conlidens
341 1787 417 1860 qnod
433 1788 497 1860 ejus
509 1787 640 1844 cansola-

62 1859 139 1917 tionis
159 1863 254 1918 socius
275 1859 307 1916 in
331 1859 425 1917 tuturo
447 1859 596 1928 efficieris,
617 1859 641 1916 si

61 1933 116 2002 ejns
137 1931 330 1989 tribulationis
346 1929 376 1988 in
395 1929 530 2005 prasenti
548 1929 642 1988 sarias

63 2001 216 2062 invenieris.
232 2005 290 2060 Nea
305 2001 381 2060 enim
399 2019 448 2074 pro
463 2001 525 2073 ipso
540 2001 586 2074 pie
599 2003 641 2060 lu-

62 2073 188 2147 gentibus
206 2073 330 2149 gloriam
349 2089 429 2132 snam
449 2073 576 2145 negaba,
594 2073 642 2146 qui

62 2162 109 2202 nac
121 2145 416 2229 llagdalenaedolcnti
427 2151 456 2202 et
467 2147 557 2218 ipsum
568 2161 642 2273 qaa-

63 2220 130 2274 renti
150 2229 389 2276 resurrectionem
408 2233 488 2274 suam
507 2233 575 2275 occu
588 2219 660 2275 tari.

63 2288 154 2346 valuit.
173 2289 256 2358 Quod
278 2289 352 2348 benc
374 2289 516 2360 Propheta
539 2289 642 2358 innuit,

64 2359 155 2419 dicens
171 2380 178 2418 z
194 2364 250 2430 Qui
265 2364 403 2417 seminant
417 2363 446 2416 ia
460 2361 601 2431 lacrymis,
614 2363 645 2418 tra

64 2435 245 2490 resultatione
258 2437 366 2490 metent.
382 2433 461 2490 Unde
475 2433 642 2504 Apostolus:

65 2505 94 2562 St
106 2510 193 2562 tamara
206 2508 400 2576 compatimur,
411 2511 442 2560 at
454 2509 480 2560 et
492 2505 576 2561 simul
589 2506 647 2576 plo·

66 2577 206 2647 ritcemar.
224 2577 305 2635 Unde
321 2581 349 2633 et
364 2578 524 2634 Bernartius
540 2595 548 2632 ε
564 2595 577 2628 (ι
593 2577 647 2645 Qui

66 2649 209 2707 manducat
220 2665 331 2706 carnem
342 2665 429 2704 meam
440 2655 466 2706 et
477 2647 547 2704 bibit
559 2665 648 2704 meam

66 2723 234 2790 sanquinem,
246 2721 327 2777 habet
343 2723 430 2776 attam
444 2727 583 2790 aeternam,
593 2720 647 2778 hoc

67 2795 106 2846 est
114 2794 136 2849 si
145 2789 387 2866 compatimini,et
398 2793 619 2864 conregnabitis.
631 2811 646 2844 a

67 2863 117 2920 Sed
134 2881 191 2922 non
216 2863 309 2922 sulum
328 2863 424 2933 corde,
442 2880 541 2922 rerum
560 2863 648 2920 etiam

67 2949 179 3004 corpore
201 2933 432 3005 compatiendum
456 2941 499 2994 est
522 2935 646 2992 Christo.

67 3003 141 3064 Unde
154 3008 343 3064 Ambrosius:
360 3027 374 3062 a
391 3005 442 3076 Qui
457 3014 552 3064 autem
568 3023 655 3066 νονν-Ι

66 3077 176 3148 patitur,
191 3095 254 3136 non
273 3078 467 3150 perfunctorie
486 3079 648 3162 compatia-

67 3151 123 3218 tar;
142 3151 192 3208 sed
215 3155 249 3208 ut
269 3149 468 3208 tribulationes
489 3149 594 3207 Christi
616 3149 647 3208 in

66 3235 178 3300 corpore
198 3239 252 3280 sua
272 3219 310 3278 im
333 3224 399 3292 leat,
420 3225 493 3280 sicut
511 3223 648 3295 implebat

65 3307 120 3364 lpse
135 3293 252 3352 Paulus.
268 3313 282 3346 a
322 3293 377 3351 nde
390 3300 419 3351 ct
432 3293 503 3352 illud
516 3293 624 3352 Cantici
638 3311 645 3352 :

65 3363 646 3438 Paaemeatstpaacalumauprraortuam,

63 3433 216 3507 diligenda,
236 3436 346 3494 scilicet
368 3453 414 3494 me
431 3453 484 3510 per
501 3437 646 3508 allectum,

64 3507 176 3565 etmihi
195 3513 225 3566 tc
245 3509 450 3567 conformando
471 3525 521 3582 per
539 3509 647 3566 alisati-

64 3593 143 3636 onem
153 3579 316 3637 dilectionis
326 3598 335 3650 ;
346 3587 371 3638 et
380 3586 411 3638 ut
420 3582 593 3650 signaculum
605 3597 650 3637 su-

61 3665 108 3719 per
130 3651 276 3708 brachtum
295 3659 384 3720 tuam,
397 3651 542 3724 diligendo
562 3651 649 3710 ctiam

63 3735 106 3778 me
124 3738 175 3795 per
192 3723 339 3792 ellectum,
354 3723 468 3782 etmihi
483 3729 511 3780 te
531 3726 649 3781 contor-

63 3795 164 3852 mando
185 3811 238 3866 per
255 3810 383 3852 amarem
399 3795 572 3866 operationis
589 3812 596 3852 :
614 3794 650 3852 si·

64 3869 214 3944 &naculum
228 3865 305 3926 enim
320 3867 441 3924 iarmam
457 3883 537 3924 suam
550 3865 650 3939 impri-

63 3941 112 3992 mrt
122 3935 162 3994 rei
172 3953 238 4010 qnae
247 3937 399 4009 sigillatur.
413 3941 444 3996 Et
453 3939 651 3996 meritodcbes

63 4019 108 4064 ms
120 4007 241 4081 diligere
256 4017 319 4067 ntro
341 4026 377 4067 ne
391 4011 488 4080 modo,
501 4013 569 4084 quia
582 4013 649 4066 Far·

64 4079 99 4133 tia
114 4086 153 4162 e=t
175 4085 205 4138 ut
226 4097 301 4138 mors
317 4026 440 4152 ditectio,
455 4083 510 4140 hoc
529 4086 572 4139 cst
591 4087 649 4138 tam

64 4147 173 4209 lortrter
185 4158 214 4210 te
228 4153 324 4218 dilexi,
335 4154 411 4225 qaod
422 4170 474 4226 pra
487 4169 585 4212 amore
600 4161 649 4212 tuo

64 4228 191 4280 mortuus
206 4239 286 4286 sum:
303 4230 329 4282 et
348 4225 420 4282 dura
436 4229 509 4282 sicat
522 4227 650 4293 internas

64 4297 212 4378 emulatio,
228 4295 297 4368 quia
315 4296 346 4354 in
362 4296 447 4354 nullis
464 4296 650 4356 tentamentis

64 4361 184 4446 lapsuum
195 4383 214 4426 a
227 4373 334 4428 nostra
342 4369 443 4428 salotis
456 4385 524 4428 eura
532 4385 648 4428 revoca·

66 4449 88 4490 n
101 4438 203 4510 patuit,
216 4437 292 4498 siam
309 4437 441 4499 internas
457 4440 544 4500 nullis
559 4440 648 4500 mise-

690 927 738 1000 qui
753 928 874 985 charum
887 927 996 985 intrare
1009 927 1162 996 valuerint,
1174 927 1282 984 vadant

690 1001 743 1058 sub
758 1015 852 1064 cruce.
868 998 936 1071 quia
949 1000 985 1056 ab
1001 998 1127 1057 Ecclesia
1141 997 1282 1056 militante

692 1073 727 1128 ad
742 1073 1073 1144 triumphantem,nemo
1085 1070 1141 1128 nisi
1158 1087 1207 1142 per
1221 1087 1282 1128 cru·

692 1159 754 1202 cem
776 1147 872 1216 potest
895 1142 1014 1200 intrare.
1036 1143 1154 1200 hlnltum
1177 1139 1283 1215 qnippe

691 1217 786 1344 placet
809 1217 879 1284 Deo,
902 1215 979 1288 quod
1001 1215 1088 1272 homo
1113 1229 1282 1272 memoriam

716 1285 838 1344 essionis
852 1289 881 1344 ct
895 1289 1046 1344 vulnerum
1066 1287 1128 1359 ejus
1143 1292 1238 1358 portet
1252 1283 1282 1341 in

693 1359 780 1417 corde
794 1375 855 1416 suo.
873 1359 1010 1415 Narratur
1025 1357 1103 1416 enim
1122 1358 1199 1430 quad
1218 1372 1282 1414 cum

694 1429 810 1503 quidam
825 1429 947 1488 eremita
957 1429 1146 1488 sanctissima
1161 1432 1227 1486 vita
1241 1428 1283 1484 in·
1312 1489 1314 1494 ,

694 1505 805 1560 stanter
830 1505 982 1560 Dominum
1006 1506 1155 1566 exoraret.
1177 1507 1208 1557 ut
1229 1499 1282 1558 sibi

694 1573 859 1631 ostenderet
872 1573 947 1646 quod
962 1575 1017 1631 sibi
1031 1574 1108 1631 inter
1117 1579 1213 1630 cetera
1225 1588 1283 1630 scr-

695 1645 1284 1718 vitiamagisacceptaret3ridithominem

695 1717 1284 1846 nudumtrepidantemfrigore,etcruccm

695 1805 829 1861 magnam
844 1805 973 1862 superse
986 1790 1054 1863 baja
1067 1799 1175 1858 antem,
1186 1792 1216 1845 et
1229 1786 1284 1844 sibi

696 1861 760 1934 quis
784 1867 860 1918 essct
887 1861 1079 1934 interroganti
1108 1863 1250 1918 dicentem
1275 1876 1282 1914 ι

695 1937 779 1992 lesus
788 1931 920 1992 Christus
931 1949 984 2006 ego
996 1949 1070 1990 sam.
1082 1931 1198 2006 Rogasti
1210 1929 1285 1986 enim

697 2021 753 2073 me,
774 2009 804 2062 nt
828 2004 880 2061 tibi
905 2005 1087 2062 ostenderem
1112 2003 1189 2076 quad
1211 2001 1287 2059 inter

697 2081 792 2133 catera
803 2074 919 2132 servitia
933 2075 1002 2133 mihi
1018 2078 1110 2148 magis
1125 2074 1285 2148 complace-

697 2153 751 2212 ret,
763 2151 793 2204 et
806 2161 881 2202 nunc
895 2145 947 2203 trhi
962 2147 1026 2204 dico
1041 2147 1117 2219 quad
1133 2147 1199 2213 hac,
1210 2144 1286 2202 scili·

697 2223 743 2276 cet
755 2217 833 2290 quod
845 2215 910 2288 quis
923 2217 1009 2274 horno
1018 2219 1099 2290 iavet
1112 2233 1159 2274 me
1171 2221 1286 2346 portare

698 2305 813 2348 crucem
828 2305 933 2359 meam,
945 2294 974 2346 et
987 2293 1116 2358 vulnera,
1130 2295 1160 2346 et
1195 2287 1286 2345 assio-

698 2379 765 2422 ncm
788 2360 819 2418 in
846 2365 933 2419 corde
956 2377 1019 2418 auo.
1044 2363 1078 2418 lla
1101 2361 1164 2418 haee
1187 2359 1286 2417 dicens

700 2431 824 2493 evanuit.
856 2433 976 2490 Crucem
996 2432 1119 2507 ,nomini
1149 2432 1287 2491 dehemus

700 2505 839 2577 bajulare,
860 2509 888 2562 el
904 2505 1006 2577 iurare
1026 2521 1091 2562 enm
1130 2513 1237 2573 artare,
1259 2507 1288 2560 et

700 2579 755 2634 hoc
772 2599 779 2634 ε
795 2575 826 2634 in
841 2577 938 2646 corde,
948 2593 1000 2650 per
1014 2593 1097 2634 recor
1118 2576 1245 2635 ationem
1259 2579 1288 2632 et

701 2647 945 2721 compassionem
960 2648 990 2706 in
1010 2665 1069 2718 ore,
1088 2665 1139 2722 por
1157 2649 1287 2706 crebram

702 2729 730 2780 et
746 2721 878 2778 devotam
898 2720 1055 2792 gratiarum
1074 2720 1234 2788 actionem
1258 2719 1288 2774 in

702 2808 832 2876 corpore,
846 2807 898 2865 per
912 2791 1136 2920 flagellationem
1155 2797 1184 2849 ot
1199 2789 1289 2848 casti-

702 2870 858 2938 gationem,
874 2868 906 2920 ut
920 2865 956 2921 Sa
968 2863 1058 2921 satori
1078 2869 1177 2922 nostro
1192 2863 1289 2932 corde,

702 2952 753 2994 ore
768 2943 797 2992 et
811 2950 898 3008 opere
912 2935 1019 3006 gratias
1033 2951 1162 3008 agamus.

737 3013 755 3076 a
785 3009 915 3064 Narenos
944 3024 1089 3065 romanon
1120 3008 1232 3066 Cannar
1262 3025 1290 3064 m

703 3096 787 3138 sassa
802 3096 941 3138 marsnam
954 3097 987 3136 ar
997 3096 1120 3136 unsrrcn.
1129 3077 1290 3137 -Cuidam

703 3151 789 3208 etiam
805 3150 865 3208 seni
881 3156 1019 3209 matrone
1032 3153 1150 3208 reclusae
1162 3149 1289 3208 multitu-

702 3220 1289 3280 dinemclnnmerumamniumvulnerum

703 3292 808 3351 Christi
825 3291 897 3350 scire
916 3293 1053 3366 cupienti,
1069 3299 1098 3350 et
1116 3309 1167 3366 pro
1185 3293 1239 3350 hac
1257 3309 1288 3350 re

703 3365 837 3423 debiliter
861 3366 951 3422 Deum
975 3365 1087 3434 oranti,
1108 3379 1161 3421 vox
1188 3363 1289 3422 caelica

703 3437 789 3495 missa
803 3434 890 3496 dixit:
904 3437 1035 3509 Quinque
1049 3435 1139 3494 millia
1153 3437 1289 3508 quadrin-

703 3513 789 3583 genta
799 3508 957 3581 nonaginta
965 3510 1083 3567 vulnera
1093 3508 1148 3566 mei
1161 3507 1290 3581 corporis

703 3580 886 3648 exstiterunt;
903 3597 966 3653 quas
979 3580 1003 3638 si
1014 3581 1144 3639 venerari
1155 3580 1289 3652 volneris,

704 3651 864 3710 orationem
879 3652 1056 3710 Dominicam
1069 3669 1133 3711 cam
1144 3653 1291 3710 salutatio-

705 3741 741 3782 ne
768 3725 904 3796 hngaltca
929 3723 1095 3796 quindecies
1116 3725 1243 3798 quotidie
1263 3723 1293 3781 in

704 3811 873 3854 memoriam
886 3795 1032 3854 Passionis
1041 3813 1113 3854 mem
1128 3795 1292 3868 replicabis,

704 3868 801 3940 sicque
820 3883 896 3926 anno
917 3868 1047 3925 revoluto
1066 3869 1293 3940 unumquodque
1324 3929 1335 3942 ¹

704 3942 806 3998 valnas
831 3939 1033 3997 venerabiliter
1058 3939 1206 3998 salutabis.
1228 3943 1295 3998 llaec

705 4011 798 4068 oratio
817 4011 900 4068 valde
920 4011 1012 4082 palacet
1027 4013 1097 4081 Dea,
1113 4017 1198 4083 prout
1212 4019 1293 4085 post·

704 4087 821 4140 modum
835 4083 992 4141 revelatum
1005 4083 1057 4141 init
1068 4082 1181 4142 cuidam
1194 4083 1293 4142 solita·

703 4157 758 4212 rio.
773 4156 807 4210 Et
820 4153 959 4227 accipitur
973 4153 1020 4212 hic
1038 4171 1173 4214 numerus
1189 4172 1291 4214 secun-

703 4227 770 4284 dum
794 4241 900 4283 annum
924 4225 1107 4297 bissextilem,
1123 4233 1155 4286 nt
1177 4241 1291 4298 semper

701 4297 833 4356 sulficere
844 4297 948 4372 passit;
966 4301 1032 4371 quia
1045 4299 1141 4356 minor
1152 4311 1290 4357 numerus

702 4369 1288 4452 qdemqnidamponunt,scilicetqainque

702 4441 792 4500 millia
800 4441 1011 4515 quadringenta
1019 4441 1200 4514 septuaginta
1209 4457 1290 4513 quin·
