3036 5042
166 399 197 452 lo
504 397 661 452 SECUNDA!
689 394 807 450 rllrls
835 394 939 450 CAPUT
968 395 1050 450 lvlll

173 505 342 576 consideret,
357 519 424 564 nam
448 503 568 562 imitatio
591 501 697 563 Christi
712 507 757 560 est

172 593 283 636 summa
305 585 333 635 el
355 577 481 650 perlecta
506 575 605 704 religio
624 574 752 658 perlecti.

171 653 238 708 Haee
253 654 297 707 est
310 650 409 722 regula
420 653 449 707 et
460 664 559 720 exemp
571 664 604 706 ar
614 648 754 722 perlecta-

170 720 233 778 onis
252 719 347 779 omnis
368 721 433 778 vitae
452 729 481 778 et
505 719 629 789 virtutis,
646 718 754 776 scilicet

168 792 309 851 curiatum
337 791 443 850 imitari
468 792 498 850 in
516 791 663 861 Passione,
679 793 708 848 et
724 789 754 846 iu

171 869 273 922 morte.
290 866 332 922 Sit
346 881 415 932 ergo
432 871 530 922 nostra
544 863 643 936 regula
657 862 754 919 viven-

168 935 209 1004 di,
225 938 322 994 Passio
338 936 588 1006 Salvatocis;uam
598 939 678 992 tanto
693 949 755 991 am·

172 1007 246 1080 plius
259 1008 431 1078 desolamur,
450 1011 556 1079 quanto
575 1007 684 1064 abhoc
703 1021 756 1061 er-

174 1077 293 1151 emplari
313 1085 341 1137 et
367 1079 469 1152 regula
490 1078 613 1152 amplius
638 1077 756 1149 elonga·

172 1165 247 1207 mur.
264 1152 383 1224 Semper
401 1167 481 1224 ergo,
496 1157 636 1223 quantum
661 1149 690 1206 in
708 1165 760 1206 no·

175 1222 220 1280 hia
239 1229 292 1292 est,
311 1221 433 1280 velimus
447 1224 483 1279 ab
502 1223 634 1279 omnibus
649 1221 759 1279 concul-

173 1292 242 1356 cari.
260 1293 344 1365 dejici
359 1301 388 1352 et
398 1293 543 1367 vilipendi,
558 1293 650 1364 illudi,
665 1308 761 1366 perse·

172 1363 315 1422 cutioncm
331 1363 400 1438 pati,
413 1365 604 1438 flagellari,et
614 1365 642 1421 in
654 1363 760 1422 divinis

172 1435 317 1508 obsequiis
343 1439 379 1496 ab
408 1437 544 1494 omatibus
581 1434 757 1510 exprobrari.

173 1507 268 1588 Simus
292 1508 360 1566 nudi
378 1524 441 1566 cum
458 1509 548 1576 nudo,
564 1513 594 1565 et
621 1507 693 1564 nibil
709 1523 759 1580 pe·

172 1586 250 1636 nitus
274 1580 421 1653 cupiamus
439 1581 555 1648 babere,
576 1579 634 1637 imo
653 1579 761 1636 habere

173 1649 283 1722 aliquid
300 1655 336 1708 sit
351 1651 434 1709 nobis
445 1651 622 1781 Xrarissima
636 1667 720 1724 poena
733 1653 762 1706 el

174 1722 257 1780 dolor
280 1722 421 1780 intensus.
470 1725 660 1781 bhorreamus
683 1721 760 1779 dele·

174 1793 288 1851 clabilia
308 1799 336 1852 et
356 1795 450 1852 dulcia
474 1795 637 1868 degustare,
666 1799 694 1850 et
714 1809 763 1866 po·

174 1863 232 1922 tius
247 1865 368 1924 velimus
383 1865 485 1924 vilibus
499 1871 526 1924 et
537 1868 644 1924 amaris
658 1866 760 1936 cibari,

176 1935 241 2065 {uia
257 1937 316 2009 ipse
339 1937 392 1994 luit
415 1938 524 1996 lelleet
539 1941 759 2066 acetoXotatus.

199 2013 210 2064 t
229 2013 259 2066 ut
284 2009 410 2066 breviter
423 2009 528 2079 dicam,
546 2009 625 2067 consi
648 2023 763 2066 eremus

177 2095 240 2152 quae
257 2096 310 2154 pro
326 2080 408 2138 nobis
429 2080 574 2152 sustinuit,
590 2086 619 2139 et
639 2081 764 2153 qualiter

178 2167 208 2209 se
230 2151 258 2208 in
281 2154 458 2222 passionibus
474 2153 584 2223 babuit,
601 2159 630 2210 et
646 2169 699 2210 nos
713 2167 764 2224 pro

178 2223 294 2282 modulo
313 2230 426 2296 nostro,
446 2231 582 2296 quantum
601 2239 764 2298 possumus,

180 2296 393 2354 conformemur
405 2297 508 2354 eidem.
521 2327 549 2338 -
566 2297 708 2365 Secundo,
717 2296 766 2352 de·

180 2367 279 2423 bemus
302 2368 486 2426 considerare
505 2383 568 2426 eam
591 2369 626 2424 ad
648 2381 764 2440 compa·

179 2437 319 2496 tiendum.
332 2439 474 2496 Debemus
487 2439 565 2496 enim
580 2440 763 2496 considerare

179 2506 762 2640 titillabitailitemtitt

177 2623 340 2723 imaginari,
354 2660 462 2724 quanta
476 2655 512 2710 sit
527 2653 646 2727 dejectio
662 2659 762 2710 eicon·

181 2728 308 2796 templus
338 2739 406 2796 erga
435 2725 586 2784 Dominum
615 2731 760 2795 nostrum,

178 2799 302 2866 quantus
325 2796 418 2868 dolor,
436 2802 577 2870 quantave
600 2797 717 2855 aillictio
731 2797 761 2853 in

177 2865 264 2924 corde
283 2871 311 2924 at
334 2883 420 2940 opere
437 2885 509 2935 suo;
532 2877 561 2925 et
583 2870 659 2941 quod
687 2867 760 2926 ratio

175 2937 320 2996 Passionis
340 2945 368 2996 ct
389 2939 595 3014 compassionis
617 2957 676 2998 suae
693 2955 760 3013 pec·

175 3017 239 3066 eata
258 3017 357 3068 nostra
375 3011 441 3070 sint.
464 3015 597 3084 Magnam
621 3013 761 3069 habemus

174 3081 324 3140 materiam
342 3082 441 3148 flendi,
460 3089 489 3140 et
506 3099 621 3142 causam
634 3082 760 3157 lugendi,

176 3156 199 3210 si
217 3152 318 3211 intime
333 3157 491 3228 cogitemus
509 3157 582 3228 quod
599 3172 698 3214 sumus
712 3171 760 3212 oc·

175 3223 253 3282 casio
279 3227 358 3284 necis
382 3227 521 3302 unigeniti
548 3227 611 3285 Filii
635 3229 695 3297 Dei,
718 3226 761 3285 rei

177 3296 253 3354 laesoe
269 3299 427 3372 majestatis
449 3301 521 3372 ejus.
542 3299 761 3357 Consideremus

176 3375 357 3441 quantatuuc
367 3371 558 3430 amaritudine
566 3372 690 3444 repletus
700 3376 762 3428 erat

173 3442 347 3512 Angelorum
364 3443 504 3508 dulcedo:
522 3449 659 3516 quantum
675 3446 762 3500 etiam

175 3514 764 3669 lllttltltttl{latitudinem

177 3661 304 3712 sistentia
328 3665 413 3714 ettam
440 3658 537 3715 Matris
556 3673 614 3714 suae
636 3658 764 3728 alllrctro,

179 3741 265 3797 quam
282 3729 323 3784 sic
338 3729 483 3800 diligebat,
498 3735 532 3796 et
546 3731 625 3802 quasi
643 3731 764 3787 delicere

177 3813 236 3870 prae
248 3801 451 3871 compassionis
459 3801 558 3860 dolore
566 3801 690 3859 videbat.
700 3803 764 3860 iam

176 3885 244 3941 ergo
270 3872 442 3944 transligant
471 3873 566 3931 cordis
586 3877 675 3930 nostri
699 3873 762 3930 iuti·

174 3955 222 3998 ma
236 3943 298 4014 ejus
312 3943 445 4014 convitia,
455 3945 570 4016 ilagella
581 3949 610 4003 et
624 3945 759 4016 vulnera;

173 4029 226 4070 nee
245 4013 274 4070 in
294 4014 378 4072 nobis
393 4016 429 4072 sit
444 4017 520 4090 quod
535 4033 593 4076 non
608 4017 763 4090 pertunda·

173 4089 221 4142 tur
233 4101 265 4142 ex
278 4087 484 4162 compassione,
502 4093 530 4146 et
547 4105 603 4146 non
616 4087 762 4159 aillipatur

172 4155 271 4214 dolore
288 4156 439 4218 immenso.
460 4193 484 4202 -
504 4160 611 4232 Tertio,
627 4160 760 4219 conside-

170 4243 268 4287 remus
282 4230 319 4288 ad
337 4229 512 4302 mirandum,
535 4231 612 4306 quis,
642 4249 706 4306 que
731 4238 761 4291 et

169 4315 222 4372 pro
238 4301 343 4376 quibus
356 4319 459 4377 passus
473 4307 534 4376 est;
551 4309 581 4363 et
595 4309 637 4364 est
651 4305 687 4362 de
721 4321 759 4363 uo

169 4371 290 4434 multum
307 4373 404 4432 mirari
431 4377 580 4436 debemus.
597 4376 666 4448 Quia
679 4321 756 4435 riter

811 501 1399 576 scilicetipsaFilius.Deusverus,summe

811 580 922 702 potens,
938 573 1053 648 sapiens
1069 581 1098 633 et
1116 575 1219 634 bonus.
1236 577 1293 635 Sed
1309 576 1397 648 quari

836 647 1088 718 eregrinationem,
1106 649 1214 720 lugam,
1225 649 1341 716 lamam,
1357 647 1399 705 si·

811 717 874 785 tim,
900 718 1000 791 frigus,
1028 719 1164 786 calorem,
1199 723 1397 794 tempestates,

812 790 957 860 horrores,
977 790 1198 862 persecutiones,
1219 790 1397 850 observatio·

812 877 874 930 nes,
901 861 1022 930 vincula,
1048 863 1172 936 flagella,
1189 863 1344 922 illusiones
1368 867 1399 919 et

814 933 936 990 dolores.
952 935 1126 1007 conspuitur
1149 935 1250 1008 gloria,
1272 939 1399 992 contem·

814 1003 893 1062 nitur
906 1005 1027 1077 justitia,
1044 1005 1132 1064 ludex
1144 1006 1300 1079 iudicatur,
1317 1006 1399 1062 inol-

815 1077 913 1134 iensus
931 1076 1007 1135 iucul
1029 1082 1103 1142 atur.
1123 1080 1260 1137 innocens
1275 1077 1400 1135 insama·

816 1153 880 1219 tur,
908 1151 983 1206 lleus
1010 1093 1237 1222 ilasphematur,
1271 1148 1401 1209 Christus

817 1219 1009 1292 cunculcatur,
1032 1219 1090 1279 vita
1116 1221 1268 1290 occiditur,
1290 1222 1331 1278 sol
1350 1221 1400 1277 ob-

817 1296 958 1361 scuratur,
967 1293 1035 1350 luna
1048 1292 1223 1365 denigratur,
1237 1293 1332 1350 sidera
1344 1292 1400 1349 dis·

816 1369 984 1436 perpuntur.
998 1365 1054 1422 Sed
1067 1381 1120 1438 pro
1133 1363 1237 1436 quibus
1252 1365 1314 1422 haee
1329 1361 1402 1436 pati·

817 1437 888 1492 turi
904 1436 958 1494 Pro
969 1435 1337 1504 sceleratissimisinimicis‚
1347 1449 1400 1507 pro

818 1506 1000 1578 nequissimis
1023 1507 1180 1579 mancipiis,
1203 1524 1255 1592 pro
1274 1515 1402 1565 contem·

818 1579 948 1652 pleribus
958 1578 1060 1636 divinae
1074 1581 1277 1651 majestatis,et
1291 1595 1340 1649 pro
1354 1578 1401 1634 in·

818 1650 906 1721 gratis
925 1649 1029 1708 divinae
1053 1650 1162 1724 pietati.
1187 1654 1260 1724 Ergo
1279 1650 1344 1708 talis
1370 1654 1400 1706 et

819 1727 926 1791 tantus,
938 1721 1007 1778 talia
1020 1727 1049 1779 et
1062 1729 1153 1788 tanta,
1164 1739 1215 1795 pro
1230 1731 1287 1780 tam
1300 1721 1401 1778 vilissi-

819 1795 912 1850 miset
927 1794 1043 1866 abjectis
1052 1810 1155 1867 passus
1169 1799 1220 1851 ast.
1238 1795 1291 1852 Sed
1306 1809 1324 1850 a
1337 1792 1399 1920 zui·

819 1864 896 1921 busi
917 1867 942 1922 A
967 1864 1128 1937 specialiter
1152 1867 1270 1930 dilectis,
1297 1866 1343 1936 qui
1367 1879 1401 1921 us

820 1951 934 1994 omnem
957 1935 1161 2008 benignitatem
1181 1937 1315 2000 ostendit,
1334 1941 1400 1992 eta

819 2007 973 2077 vilissimis,
996 2008 1214 2078 astuitissimis‚
1238 2008 1274 2066 ab
1294 2005 1400 2080 impiis,

820 2079 975 2149 maximus,
992 2080 1232 2150 sapientissimus,
1247 2085 1275 2136 et
1289 2093 1400 2136 summe

821 2150 899 2223 pius;
914 2156 942 2208 et
955 2167 973 2208 a
985 2151 1064 2208 sanie
1079 2152 1258 2209 ioetidissima
1266 2149 1401 2222 splendor

820 2231 953 2280 aeternus.
968 2225 1002 2280 Et
1015 2222 1044 2280 in
1056 2222 1100 2280 iris
1109 2223 1242 2281 omnibus
1254 2222 1283 2279 in
1296 2221 1400 2279 diuinae

820 2293 934 2366 pietatis
961 2293 1152 2352 admiratione
1180 2295 1335 2352 elevemur.
1365 2323 1400 2336 -
1462 2350 1466 2358 ,

820 2368 936 2434 Quarto,
953 2365 1167 2424 consideremus
1180 2383 1244 2424 eam
1258 2367 1293 2423 ad
1307 2364 1401 2423 exsul·

819 2439 947 2495 tandum.
965 2438 1110 2496 Exsultare
1124 2438 1153 2496 in
1167 2455 1201 2496 ea
1212 2439 1350 2496 debemus
1365 2439 1402 2494 de

819 2509 1017 2581 redemptione
1038 2510 1173 2580 humana,
1193 2509 1401 2568 restauratione

819 2581 947 2652 angelica
962 2587 989 2638 et
1004 2581 1155 2639 clementia
1169 2581 1275 2639 divina.
1296 2583 1337 2638 De
1356 2595 1401 2637 re·

819 2652 983 2724 demptione
995 2653 1120 2710 humana
1133 2653 1194 2711 sine
1211 2651 1297 2710 dubio
1317 2651 1402 2710 nimis

818 2727 945 2796 gaudere
967 2725 1114 2796 dehemus,
1135 2726 1209 2782 iacta
1224 2739 1275 2798 per
1294 2723 1400 2781 Christi

819 2795 983 2853 Passionem
999 2801 1028 2853 et
1047 2802 1177 2854 mortem.
1198 2799 1276 2866 Quis,
1292 2811 1400 2868 quaeso,

819 2883 875 2924 non
897 2868 1017 2925 exsultet
1031 2873 1059 2925 et
1075 2869 1208 2940 gaudeat,
1222 2883 1286 2924 cum
1302 2874 1401 2924 cernat

819 2955 913 3012 seper
927 2941 1001 2996 bauo
1015 2939 1192 3013 redemptum
1208 2955 1225 2996 a
1239 2938 1400 2996 damnatio·

818 3027 854 3068 ne
869 3015 987 3080 aeterna,
1000 3027 1017 3068 a
1030 3011 1120 3084 culpae
1135 3011 1301 3084 ignominia,
1314 3027 1332 3067 a
1346 3025 1400 3082 po·

818 3087 920 3140 testate
936 3082 1100 3140 diabolica?
1113 3085 1291 3140 Exsultemus
1311 3083 1398 3139 etiam

818 3155 894 3228 quod
909 3170 960 3227 per
979 3155 1081 3213 Christi
1102 3154 1268 3212 Passionem
1290 3159 1400 3212 restau-

819 3231 880 3282 rata
896 3231 939 3282 est
958 3225 1089 3298 angelica
1109 3227 1201 3284 ruina.
1218 3229 1322 3298 llagna
1337 3241 1400 3297 pre-

820 3295 1401 3356 tiositasdebetessenobiscumvidemus

819 3386 871 3443 per
885 3369 988 3426 Christi
1001 3378 1122 3427 mortem
1137 3375 1195 3427 tam
1208 3367 1304 3427 nobile
1318 3367 1402 3426 colle

819 3442 899 3514 gium
914 3439 1043 3514 reparari
1057 3441 1195 3512 danobis,
1206 3441 1298 3499 utiiat
1311 3455 1400 3498 unum

820 3513 893 3570 ovile
908 3517 937 3570 et
951 3529 1022 3570 unus
1039 3517 1145 3583 pastor,
1160 3521 1187 3570 et
1206 3511 1295 3570 simus
1309 3527 1399 3569 unum

820 3586 856 3643 de
878 3599 945 3642 uno.
969 3585 1115 3658 Praecipue
1137 3591 1233 3642 autem
1259 3585 1401 3642 exsultare

820 3657 957 3715 debemus
969 3664 1118 3714 cernentes
1135 3656 1165 3713 in
1179 3654 1323 3729 praediclis
1336 3670 1399 3712 om·

821 3728 904 3786 nibus
927 3743 1068 3786 summam
1093 3727 1205 3786 Domini
1232 3725 1323 3785 nostri
1348 3725 1402 3784 eie·

819 3801 967 3858 mantiam.
981 3800 1044 3868 Ubi,
1058 3815 1166 3872 quaeso,
1182 3803 1402 3872 magrsapparet

819 3871 1401 3954 benignissimaDominiclementia,quam

819 3945 846 4000 in
865 3943 1002 4001 Passione
1022 3943 1097 4002 sua?
1113 3942 1166 4001 Ubi
1181 3950 1241 4000 tam
1255 3947 1350 4014 turpia
1374 3945 1402 3998 el

818 4017 917 4087 gravia
942 4014 1081 4074 sustinere
1099 4014 1189 4072 voluit
1211 4029 1263 4086 pro
1285 4011 1401 4070 inimico

819 4103 870 4144 suu
899 4087 1047 4145 liberando
1072 4091 1101 4144 et
1124 4083 1323 4160 glorificando,
1352 4083 1401 4157 qui

817 4158 978 4233 puniendus
992 4163 1055 4217 erat
1068 4161 1193 4232 quadam
1209 4162 1299 4214 morte
1317 4163 1402 4238 aeler·

818 4231 876 4289 nai
890 4261 923 4273 —
939 4231 1053 4300 Quinto.
1071 4230 1287 4288 consideremus
1300 4228 1403 4285 beatas·

818 4303 920 4361 simam
930 4301 1264 4373 ChristiPassionem,ad
1272 4299 1402 4358 cordium

817 4379 980 4432 nostrorum
988 4375 1192 4433 resolutionem
1202 4373 1230 4431 in
1241 4371 1399 4440 Christum,
