3036 5042
144 436 173 488 oa
489 429 649 482 surtinus
677 425 797 486 rtnrrs
826 411 930 478 olru'r
959 424 1018 478 lxi

146 541 279 602 omnihus
293 535 418 594 vestibus
436 531 596 615 praedictis,
608 547 665 586 uon
681 529 730 587 mi·

147 629 201 672 nus
227 625 313 684 qnam
338 615 408 666 tune
427 621 470 662 :a
495 619 599 676 maiori
627 617 731 674 nempe

146 683 342 750 multitudiue,
360 683 387 736 et
406 674 528 748 longiori
547 680 688 748 tempore,
704 679 733 730 et

146 757 231 814 modo
257 747 487 818 fraudulentiori,
503 746 571 821 quia
587 746 630 804 isti
654 761 731 816 rore,

148 828 188 884 illi
209 824 289 900 quasi
309 825 438 896 figurate.
459 821 510 877 llla
533 817 609 900 euim
630 816 733 876 multi-

168 901 212 958 lex
235 895 328 954 illusio
350 909 413 966 quae
428 893 504 952 laeta
525 891 579 946 luit
602 889 629 946 ei
653 896 731 958 tunc,

147 915 241 1043 ignca
252 973 314 1026 erat
328 971 356 1022 el
370 964 483 1048 siguum
502 961 644 1020 illusionis
657 962 732 1019 iutu-

147 1056 278 1171 rrr
292 1035 732 1166 irlluaitrurstt:

148 1130 205 1254 tii,
221 1127 357 1264 ddbdtlea
372 1123 482 1261 ’hibere
498 1195 505 1235 :
524 1121 562 1234 iril
576 1176 731 1259 intellectu,

147 1272 199 1329 per
225 1255 456 1320 meditationem
474 1266 503 1306 m
520 1263 669 1318 memoria,
682 1264 734 1322 per

146 1324 391 1392 recordationem
408 1321 438 1380 iu
455 1322 571 1390 ellectu,
590 1337 643 1394 per
655 1336 732 1376 eom-

147 1398 321 1482 passionem,
337 1400 365 1452 et
384 1411 414 1452 se
432 1393 551 1452 Domino
574 1409 626 1465 pro
650 1408 732 1464 posse

148 1489 177 1528 ra
199 1473 336 1542 apparata
357 1466 545 1524 eoniormare.
563 1465 632 1522 Cum
656 1465 732 1520 enirn

150 1541 257 1613 aliquid
286 1538 385 1596 talium
414 1538 527 1607 accipit,
554 1535 625 1593 nihil
656 1535 733 1592 aliud

148 1617 325 1741 grotestatur
337 1611 411 1668 laeto
425 1626 485 1676 suo,
503 1623 588 1688 quam
603 1606 627 1666 si
647 1608 733 1663 verbo

170 1685 259 1742 iceret
271 1701 278 1739 :
289 1686 331 1740 lta
343 1681 428 1738 eredo
439 1683 592 1738 Dominum
604 1683 733 1736 no-trum

46 1759 49 1766 '
149 1756 235 1814 inisse
249 1755 391 1822 indutum,
403 1757 430 1808 et
441 1750 471 1808 in
487 1750 592 1808 talibus
609 1750 733 1820 illusum,

148 1829 177 1886 in
189 1828 267 1899 eujus
283 1825 397 1896 signiam
412 1829 440 1880 et
456 1821 623 1882 memoriam
634 1820 674 1878 sio
690 1821 733 1878 in-

150 1901 205 1957 duo
226 1898 381 1968 meipsum;
397 1899 426 1952 el
441 1899 473 1952 ut
488 1893 517 1950 in
543 1909 589 1950 me
613 1892 733 1950 sentiam

150 1971 226 2042 quod
249 1977 278 2026 el
302 1967 330 2024 in
355 1967 416 2039 ipso
440 1964 550 2024 Christo
575 1968 653 2024 lesu.
682 1964 734 2034 Qui

152 2059 220 2114 ergo
242 2040 312 2098 talia
334 2040 428 2096 lerunt
444 2037 567 2096 exterius
581 2036 652 2094 nihil
671 2054 734 2095 sen·

150 2113 252 2174 tientes
262 2113 305 2171 vel
314 2127 376 2170 eom
398 2110 519 2168 adientes
531 2109 661 2178 interius,
672 2126 737 2182 pro·

150 2188 224 2244 lecto
244 2184 355 2244 Christo
374 2127 513 2252 iiludnnt3
529 2181 637 2238 iaciunt
659 2181 735 2240 enirn

151 2276 183 2316 ac
203 2257 226 2316 si
242 2258 390 2316 dicerent:
411 2254 497 2326 Signo
522 2253 574 2310 tibi
597 2253 735 2325 compati-

134 2347 226 2394 ·mur‚
238 2336 266 2386 et
276 2335 339 2386 tuas
351 2327 498 2384 illusiones
507 2325 536 2382 in
549 2325 631 2382 nobis
644 2333 735 2382 osteu-

151 2402 253 2463 dimus,
265 2401 315 2456 sed
331 2399 360 2454 in
374 2400 453 2454 nullo
466 2395 518 2452 tibi
533 2396 733 2468 compatimur.

150 2503 185 2516 —-
199 2471 353 2538 lloraliter,
369 2467 489 2526 amiotus
506 2466 606 2538 capitis
620 2466 736 2538 signill-

152 2549 196 2601 cat
225 2539 316 2614 spem,
342 2555 427 2612 qnam
456 2538 561 2596 Paulus
584 2539 735 2610 Apostolus

150 2619 233 2671 rorat
259 2613 371 2685 galeam
401 2609 516 2678 salutis;
545 2625 609 2680 spes
640 2615 735 2667 autem

148 2693 321 2745 aeternorum
341 2681 407 2740 lacit
431 2686 626 2752 contemptum
642 2686 733 2739 terre·

152 2773 264 2816 norum.
282 2757 352 2813 Cum
373 2769 441 2826 ergo
461 2753 595 2810 sacerdos
612 2769 642 2810 se
661 2753 736 2810 velat

148 2831 265 2897 amictu,
282 2825 406 2884 ostendit
429 2841 460 2884 se
475 2831 591 2882 terrena
605 2829 735 2882 contem·

150 2918 233 2966 nere;
251 2905 279 2960 et
293 2897 317 2956 si
336 2898 377 2956 ita
395 2914 453 2956 non
468 2903 521 2967 est,
541 2898 653 2954 Christo
666 2897 736 2954 illu-

151 2975 201 3031 dit.
217 2972 288 3030 Alba
305 2975 400 3028 autem
417 2971 502 3040 longe
519 2975 546 3026 el
560 2974 618 3028 lata
633 2968 736 3030 mentis

152 3050 181 3104 al
194 3042 321 3116 corperis
333 3041 475 3116 signifieat
485 3041 661 3110 castilatem3
676 3040 735 3098 ein·

153 3116 251 3190 guium
265 3131 341 3182 vero,
353 3121 381 3170 et
391 3113 474 3182 stola,
484 3121 513 3172 et
525 3112 697 3186 manipulus
708 3117 737 3170 el

151 3186 347 3261 hujuscemodi
367 3185 531 3258 ligamenta,
547 3190 690 3260 praecepta
709 3189 737 3240 et

154 3259 319 3332 consilia,et
330 3259 494 3330 religionem
511 3263 555 3316 cui
571 3274 601 3318 se
617 3257 735 3329 oliligal,

154 3332 201 3405 qni
221 3333 294 3392 tales
313 3332 428 3390 ordines
447 3330 580 3399 assumit3
597 3329 737 3402 obligatos

154 3407 230 3462 enim
243 3421 273 3460 se
288 3404 450 3470 ostendunt,
463 3402 510 3474 qni
522 3401 590 3460 talia
602 3401 735 3468 induunt.

153 3475 256 3556 Casula
268 3476 390 3545 desuper
403 3479 502 3552 tegens
522 3490 572 3543 per
589 3477 690 3554 totum,
709 3479 738 3530 ei

152 3552 256 3604 ceteris
268 3561 485 3617 supereminens
498 3551 681 3613 ornamentis,
690 3561 737 3602 ea·

152 3617 267 3676 ritatem
293 3616 446 3687 signifieat,
476 3631 560 3686 quam
588 3617 738 3687 Apostolus

155 3686 462 3761 supereminentiorem
487 3686 561 3744 viam
590 3693 686 3757 vacat3
710 3693 738 3746 el

155 3761 230 3831 ideo,
241 3760 287 3832 qui
304 3776 359 3818 uon
375 3757 469 3830 diligit
482 3760 570 3818 Deum
583 3759 738 3831 plusquam

157 3849 218 3902 sua,
235 3832 278 3888 vel
294 3847 370 3892 suos,
385 3830 430 3886 vel
444 3847 484 3900 se,
499 3847 557 3887 non
576 3837 618 3887 est
636 3831 740 3914 dignus

157 3903 207 3962 tali
221 3902 325 3960 oilrcio.
337 3901 420 3958 Mitra
432 3918 499 3958 vero
511 3902 640 3975 Episcopi
654 3906 739 3976 sagni-

156 3976 222 4034 ircat
231 3975 325 4046 ipsum
338 3974 444 4031 habere
456 3973 602 4031 seientiam
617 3974 739 4034 duorum

155 4047 737 4116 'lestamentorumpropterduocoruua3

154 4134 250 4194 quam,
270 4121 396 4190 inquam,
416 4115 563 4174 scientiam
586 4117 671 4174 debet
688 4119 739 4175 ha-

154 4193 234 4261 here,
250 4207 308 4248 non
322 4192 434 4245 tautum
450 4187 479 4244 io
499 4188 584 4246 corde
598 4204 648 4260 per
663 4189 741 4246 habi-

157 4272 227 4334 turn,
244 4265 291 4320 sed
318 4259 449 4318 etiamid
467 4276 516 4316 ore
536 4269 564 4317 et
588 4276 672 4316 mauu
692 4277 742 4334 per

159 4353 259 4406 usum;
274 4334 349 4394 uude
359 4337 424 4392 duae
436 4333 541 4406 linguae
551 4332 742 4404 dependentes

156 4425 173 4470 a
202 4407 285 4468 mitra
309 4421 394 4478 super
420 4405 554 4468 humeros
582 4403 742 4478 significant

786 529 879 602 ipsum
894 529 1063 602 Episcopum
1079 529 1183 588 debere
1203 532 1307 588 hahere
1322 531 1374 588 du·

786 602 850 675 plex
863 602 1076 672 documentum,
1086 602 1194 660 scilieet
1203 603 1281 659 uerbi
1292 608 1320 659 et
1329 619 1378 660 ex-

788 672 884 746 empli.
901 673 1022 730 Baculus
1033 689 1102 730 vero
1113 673 1265 746 pastoralis
1277 675 1307 731 in
1317 690 1380 732 ma·

788 761 827 802 nu
841 743 984 817 significat
1000 747 1209 803 exsecutionem
1224 745 1310 802 oliicii
1327 762 1379 819 pa·

787 816 901 886 toralis3
915 816 991 888 quod
1006 816 1135 874 consistit
1149 819 1179 874 in
1193 819 1297 886 trihus,
1313 833 1380 888 quse

789 887 988 960 significantur
1016 904 1068 960 per
1092 888 1234 960 triplicem
1264 894 1378 962 partem

788 959 882 1020 baculi
901 962 1045 1034 :primum
1061 965 1103 1017 est
1117 959 1229 1018 voratio
1244 969 1379 1032 peccato·

789 1049 870 1102 rum;
888 1032 1056 1101 secundum,
1066 1031 1184 1089 directio
1194 1038 1379 1102 vocatorum3

788 1105 904 1162 tertium
933 1109 976 1160 est
1002 1103 1160 1162 exhortatio
1188 1103 1377 1172 directorum,

789 1178 865 1234 unde
880 1181 924 1234 est
938 1191 1038 1233 versus
1052 1192 1059 1232 r

823 1285 943 1342 Atti-obe
960 1300 1011 1358 per
1033 1300 1167 1360 primum,
1193 1285 1282 1342 medio
1303 1301 1379 1356 repe,

1100 1355 1203 1428 [paupe
1215 1373 1265 1430 per
1279 1360 1379 1415 imum.

789 1469 834 1525 Sic
857 1466 954 1538 itaque
977 1463 1066 1529 vidos,
1090 1463 1214 1534 qualiter
1237 1464 1379 1522 Dominus

789 1555 846 1596 non
857 1538 950 1595 solum
962 1535 1140 1604 malefactor,
1151 1536 1201 1592 sed
1213 1535 1300 1592 etiam
1312 1539 1381 1594 stul·

788 1617 834 1668 tus
854 1613 898 1668 est
919 1615 1075 1679 reputatus.
1090 1610 1152 1678 lpse
1166 1613 1263 1664 autem
1279 1610 1381 1668 omnia

788 1679 997 1756 patientissime
1023 1679 1174 1736 tolerabat.
1207 1679 1379 1738 Patientiam

789 1771 857 1828 ergo
878 1753 986 1812 habeas
1002 1757 1029 1806 et
1043 1757 1084 1820 tu,
1105 1753 1128 1806 si
1149 1751 1318 1808 malefactor
1335 1755 1378 1808 vel

790 1828 893 1884 stultus
909 1823 1015 1895 injuste
1026 1821 1112 1878 lucris
1131 1827 1290 1896 reputatus.
1306 1825 1378 1880 Nam

789 1899 861 1956 siout
881 1895 978 1952 divina
993 1893 1148 1964 Sapientia,
1167 1905 1311 1966 tamquam
1330 1895 1380 1952 ia-

789 1975 857 2027 tuus
869 1966 1013 2041 spernitur
1026 1969 1055 2022 et
1066 1965 1204 2023 irridetur
1217 1969 1253 2023 ab
1266 1967 1380 2025 Herode

790 2049 819 2100 et
837 2039 964 2098 exercitu
979 2054 1046 2106 suo;
1060 2037 1101 2094 sie
1115 2054 1216 2094 omnes
1231 2037 1378 2096 irrisiones

790 2130 853 2186 quae
870 2112 995 2168 soleuta
1015 2109 1097 2166 vanis
1117 2111 1214 2166 mandi
1231 2111 1315 2182 hujus
1329 2113 1378 2167 ho-

790 2184 1013 2242 minibus-Deum
1025 2197 1084 2253 pras
1095 2181 1186 2238 oculis
1201 2199 1259 2239 uon
1269 2183 1377 2240 haben-

790 2257 878 2325 tibus,
892 2253 1001 2314 homini
1016 2253 1157 2325 spirituali
1172 2253 1305 2327 irrogari,
1320 2254 1378 2312 de-

789 2329 858 2386 beat
871 2327 1012 2400 patienter
1022 2325 1145 2382 sulierri.

829 2405 860 2458 18
879 2402 947 2456 Tam
968 2415 1129 2454 recursura
1146 2415 1181 2453 ax
1195 2415 1279 2453 vssrs
1296 2415 1377 2462 anna.

790 2490 845 2537 ona
862 2488 977 2529 suenrus
993 2487 1040 2526 ssr
1056 2471 1201 2540 Csnrsrns,
1217 2487 1299 2525 serus
1315 2488 1379 2526 con·

790 2561 969 2602 ronuarrorns
985 2560 1017 2598 er
1031 2559 1140 2598 enarro.
1161 2573 1194 2584 -
1210 2543 1248 2597 Ex
1263 2543 1317 2598 hoc
1330 2558 1377 2598 ar-

789 2617 877 2672 ticulo
892 2613 1033 2671 illusionis
1048 2617 1198 2670 sumuntur
1212 2611 1267 2668 tria
1281 2613 1376 2669 docu-

790 2697 897 2748 menta.
914 2686 1042 2743 Primum
1056 2689 1109 2756 est,
1122 2686 1198 2756 quod
1215 2701 1313 2740 omues
1329 2684 1377 2756 qui

790 2760 835 2832 pie
857 2763 886 2817 et
908 2758 1075 2816 innocenter
1091 2757 1190 2814 volunt
1204 2755 1309 2825 virere,
1326 2773 1376 2814 se-

790 2833 912 2888 cundum
930 2845 1033 2887 novom
1048 2829 1251 2896 hominem,ab
1266 2827 1312 2884 his
1326 2829 1375 2901 qui

790 2903 887 2960 vivunt
910 2903 1063 2958 seeundum
1084 2899 1229 2957 hominem
1252 2907 1375 2956 veterem

790 2973 958 3042 illuduntur,
970 2977 998 3030 et
1009 2973 1045 3030 ab
1056 2971 1097 3028 eis
1109 2989 1158 3044 pro
1171 2971 1258 3029 fatuis
1270 2972 1376 3028 haben·

790 3051 848 3104 tur.
867 3045 922 3103 Sed
936 3049 1053 3117 propter
1065 3045 1120 3100 hoe
1132 3059 1189 3100 non
1201 3043 1306 3100 dehent
1320 3049 1376 3100 tur·

791 3119 853 3175 bari
869 3116 922 3174 viri
938 3115 1110 3189 spirituales,
1126 3117 1183 3172 imo
1199 3117 1293 3186 potius
1307 3131 1375 3188 gau-

791 3190 876 3257 dere;
893 3190 959 3260 quia
974 3203 1064 3244 hirrus
1083 3189 1169 3244 homo
1185 3187 1315 3244 Salvator
1329 3203 1376 3243 no-

792 3267 850 3318 ster
865 3260 993 3316 Christus
1005 3259 1123 3317 indutus
1136 3259 1202 3316 alba
1215 3269 1302 3328 veste,
1314 3275 1376 3330 quae

791 3331 982 3390 innocentiam
1012 3330 1204 3402 significabat,
1230 3330 1327 3388 illusus
1351 3337 1378 3386 et

791 3403 905 3462 derisus
919 3409 961 3460 est
975 3420 991 3460 a
1006 3401 1073 3460 liliis
1089 3403 1174 3475 huius
1190 3402 1288 3471 seculi,
1304 3402 1376 3474 apud

792 3493 864 3548 quos
875 3477 940 3533 alba
949 3478 1036 3532 vestis
1049 3474 1254 3548 exprobrabilis
1263 3479 1314 3530 est.
1323 3474 1376 3532 Sed

793 3548 867 3606 sicul
886 3564 964 3614 crux,
985 3551 1051 3604 ante
1072 3545 1236 3604 Passionem
1264 3545 1377 3614 Christi,

793 3619 999 3692 exprobrabilis
1010 3620 1112 3687 luerat,
1125 3635 1190 3692 quas
1200 3619 1378 3689 postealsela

793 3699 837 3748 est
851 3690 1037 3760 honorabilis,
1051 3691 1091 3747 ita
1106 3695 1136 3746 ut
1150 3691 1236 3747 etiam
1249 3695 1377 3762 portetur

794 3765 823 3820 in
842 3762 983 3822 frontibus
1003 3779 1122 3835 regum3
1145 3761 1185 3818 sie
1204 3763 1270 3819 alba
1292 3762 1378 3818 restis

793 3839 857 3962 gost
867 3833 969 3890 Christi
982 3834 1148 3892 Passionem
1158 3834 1233 3890 lacta
1244 3839 1288 3890 est
1297 3833 1377 3890 valde

815 3905 979 3974 onerabilis,
1002 3911 1029 3963 et
1057 3904 1228 3963 innocentiae
1255 3905 1376 3978 signum.

794 3979 874 4034 Unde
887 3976 1007 4048 quilibet
1020 3984 1083 4048 post
1097 3980 1273 4104 baptismum
1288 3992 1378 4034 reno-

795 4057 876 4106 ratus
890 4049 1018 4106 induitur
1032 4055 1109 4107 veste
1124 4049 1200 4120 aba,
1218 4048 1247 4104 in
1267 4048 1376 4121 signum

794 4120 966 4202 innocentiae
982 4137 1067 4192 quam
1081 4121 1191 4178 conlert
1208 4120 1377 4192 Baptismus,

795 4208 825 4248 m
840 4194 921 4250 cu'us
936 4193 1021 4250 etiam
1038 4193 1150 4266 signum
1171 4195 1282 4251 Christo
1296 4206 1378 4266 passo

796 4264 874 4335 Ange
889 4265 896 4321 i
919 4267 946 4321 iu
966 4266 1140 4322 vestimentis
1152 4265 1225 4322 albis
1240 4279 1379 4336 apparue-

798 4336 898 4418 ruutin
910 4337 970 4409 ejus
981 4338 1196 4396 ltcsurreetiono
1208 4341 1236 4394 et
1250 4334 1380 4394 similiter

797 4423 826 4466 m
841 4408 903 4481 ojus
915 4409 1097 4468 ascensione.
1111 4441 1142 4452 -··
1157 4409 1317 4468 Secundum
1330 4407 1379 4463 do·
