3124 5038
288 429 450 482 tritonus
479 429 729 482 tritulrlotitllt
759 431 876 484 bottlll
906 431 985 484 rost
1013 431 1220 487 absolutor.
1321 433 1366 486 tlt

689 609 817 668 ORATIO

175 788 295 849 Domine
310 791 378 845 lesu
398 787 519 856 Christe,
537 787 586 844 rili
610 787 658 845 Dei
678 788 745 856 viiii,
762 789 810 861 qui
825 789 911 845 corda
931 788 1146 858 discipulorum,
1161 789 1196 847 de
1212 796 1303 848 morte
1318 797 1366 848 tua

138 860 307 928 dolentium,
321 865 377 916 tuae
394 858 568 916 exhibitione
582 859 742 930 praesentiae
758 860 862 932 gaudio
878 860 1048 926 incredibili,
1065 859 1095 917 in
1112 865 1207 917 monte
1221 861 1262 918 eis
1276 879 1293 918 a
1316 879 1365 933 pa-

138 950 217 1001 rens,
230 929 391 1004 perfudisti,
403 930 438 985 da
450 929 517 986 milii
535 930 648 992 misero.
661 935 692 988 ut
705 947 779 988 nunc
792 931 991 988 celsitudinem
1004 930 1185 1002 perlectionis
1195 947 1281 990 ascen
1302 951 1364 998 eos.

137 1007 169 1062 in
181 1006 239 1062 ima
252 1003 381 1060 studeam
397 1000 538 1058 desideria
553 1009 733 1060 terrenorum
752 1003 873 1071 caleare‘,
888 1007 917 1060 et
935 1004 972 1060 ab
994 1003 1099 1060 intimis
1113 1002 1305 1073 voluptatibus
1328 1007 1364 1063 ad

136 1091 261 1150 superna
275 1072 416 1130 desideria
427 1072 564 1142 transiie;
582 1080 722 1146 quatenus
736 1081 764 1131 te
778 1090 891 1132 merear
905 1073 1110 1147 quandoquein
1122 1073 1272 1132 altitudine
1280 1077 1363 1135 ooelo·

138 1165 201 1206 rum
219 1146 325 1203 videro.
341 1145 394 1200 Fac
408 1143 504 1210 ctiam,
522 1147 651 1212 Domine,
669 1161 714 1202 ina
732 1145 830 1202 omnia
844 1161 909 1218 quae
929 1145 1070 1202 mandasti
1086 1161 1221 1214 servare3
1238 1151 1267 1202 et
1283 1163 1365 1206 mane

137 1218 286 1276 nobiscum
303 1218 331 1272 in
343 1217 394 1272 boc
407 1216 503 1272 seculo
516 1216 690 1288 protegendo
705 1223 733 1272 et
745 1216 905 1290 dirigendo,
917 1222 945 1274 et
958 1224 1024 1291 post
1036 1217 1121 1275 linem
1135 1215 1222 1274 seculi
1234 1233 1364 1276 remune-

136 1291 240 1360 rando,
256 1293 284 1346 et
301 1287 363 1344 sine
378 1287 434 1345 line
449 1291 501 1344 tua
516 1287 667 1358 presentia
684 1287 824 1346 satiando.
840 1289 943 1346 Amen.

590 1613 728 1684 CAPUT
757 1613 910 1690 lxxxi.

457 1830 599 1878 tetboldus
611 1831 834 1879 translatorum
847 1833 952 1880 Dolttld
969 1833 1043 1880 rost

611 1913 887 1959 assuauacrtottttlte

177 2109 185 2143 i
206 2087 546 2144 Nouanusirriiiiriounii
561 2085 670 2141 Csnisri
691 2101 721 2139 er
776 2083 817 2140 ris
835 2068 888 2156 ipsi
907 2100 965 2142 non
988 2085 1154 2143 viderentur
1168 2089 1205 2145 ab
1225 2087 1291 2158 illis,
1312 2089 1359 2162 qui

136 2174 300 2216 caenaturi
319 2173 416 2220 ouians
434 2173 503 2213 soiiii
522 2157 722 2212 flssnmemio-
774 2155 961 2228 corporaliter
983 2155 1023 2213 ibi
1040 2157 1140 2214 erantl
1171 2159 1255 2216 Potes
1272 2160 1358 2219 otiam

135 2247 191 2286 uitii
218 2245 414 2286 coernoimvir.
442 2259 477 2270 -
509 2227 603 2284 Habes
634 2225 721 2298 igitur
773 2225 819 2282 bic
843 2226 1025 2284 considerare
1049 2227 1265 2300 benignitatem,
1284 2231 1359 2290 cari-

136 2299 286 2358 duodecim
303 2298 508 2372 apparitiones,
526 2303 591 2370 post
607 2297 719 2380 Domini
773 2303 861 2354 tatem
880 2297 1117 2380 etbumililatem
1135 2301 1255 2358 Domini.
1282 2319 1356 2374 quae,

136 2371 384 2429 Resurrectionem
399 2386 489 2441 usque
514 2370 550 2427 ad
569 2371 719 2446 ascensio·
774 2384 852 2424 more
871 2369 966 2438 sclito,
988 2371 1015 2425 in
1031 2369 1163 2428 omnibus
1190 2371 1270 2429 lactis
1296 2375 1358 2431 e'us

136 2459 213 2502 nem.
223 2445 330 2515 absque
344 2443 454 2500 duabus
469 2457 533 2498 cum
548 2443 719 2496 Ascensiouo
773 2439 918 2509 reluceot;
935 2441 1010 2512 quod
1030 2441 1116 2498 etiam
1131 2447 1281 2514 postquam
1295 2461 1313 2518 g
1325 2463 1358 2502 o·

136 2513 264 2586 proximo
281 2513 430 2580 dicenilis;
453 2521 481 2569 et
496 2512 537 2569 sic
562 2510 718 2584 apparitio·
772 2510 848 2569 riose
875 2511 981 2568 vicerat
1005 2517 1033 2568 et
1057 2521 1252 2572 resurrexerat
1278 2533 1357 2588 pere-

135 2603 186 2642 ncs
200 2584 552 2657 quatuordecimliierunt;
567 2585 601 2640 de
616 2582 718 2654 quibus
773 2581 881 2656 grinari
900 2583 994 2640 adbuc
1013 2599 1065 2656 per
1087 2584 1149 2642 dies
1167 2587 1358 2658 quadraginta

135 2661 247 2714 tantum
269 2657 368 2714 decem
391 2656 419 2712 in
438 2653 590 2723 Evangelio
606 2657 718 2724 scriptae
773 2653 870 2721 voluit,
884 2659 915 2711 ul
930 2671 997 2711 suos
1008 2654 1162 2727 discipulos
1173 2659 1357 2718 confirmaret

135 2734 211 2786 sunl.
229 2731 312 2785 Potes
325 2727 411 2785 aliam
426 2726 557 2783 meditari
572 2726 607 2782 de
627 2724 718 2798 pluri·
772 2735 801 2782 et
815 2727 975 2783 roboraret.
991 2724 1081 2798 Digne
1095 2743 1216 2801 namque
1231 2739 1297 2802 post
1316 2736 1358 2787 tot

134 2802 188 2858 bus
207 2815 296 2857 :nain
312 2797 465 2856 verisimile
482 2805 536 2866 est,
548 2797 625 2868 quud
641 2795 719 2853 beni·
772 2813 912 2854 annorum
933 2796 1083 2864 curricula,
1106 2805 1170 2871 post
1184 2806 1226 2858 tot
1243 2802 1357 2859 labores

136 2887 208 2942 gnus
223 2871 359 2928 Dominus
373 2885 448 2941 saepe
464 2871 582 2925 lintrem
596 2883 676 2923 suam
691 2873 719 2922 et
773 2873 801 2924 et
822 2868 1001 2936 alllictioues,
1031 2875 1095 2940 post
1115 2875 1173 2926 tam
1200 2873 1356 2942 crudelem,

135 2942 298 3015 discipulos,
318 2947 347 2998 et
365 2940 560 3024 magdalenam
586 2939 719 2995 dilectam
774 2938 992 3010 ignominiosam
1019 2945 1048 2994 et
1075 2943 1207 2998 acerbam
1232 2949 1355 3000 mortem

135 3014 303 3086 discipulam
316 3012 449 3078 visit-iiia,
459 3011 623 3068 contortam
635 3015 663 3066 et
676 3027 719 3064 eii-
772 3015 884 3082 poterat
899 3010 1090 3081 triumphator
1101 3012 1137 3067 ad
1146 3013 1355 3086 suamgloriam

135 3085 262 3144 hilarans
282 3101 342 3154 eos,
361 3083 409 3156 qui
422 3083 461 3140 sic
479 3083 664 3139 vehementer
683 3081 719 3137 de
772 3095 912 3149 remeare,
928 3085 956 3137 et
976 3081 1126 3152 Apostolos
1146 3099 1196 3154 per
1216 3100 1283 3142 suos
1297 3089 1355 3144 An-

136 3175 188 3216 sua
209 3159 342 3214 l‘assione
358 3153 502 3213 conterriti
518 3158 546 3209 ct
558 3151 718 3209 contristati
772 3152 851 3224 gelos
876 3151 1048 3221 confortare,
1081 3157 1110 3210 et
1138 3169 1189 3225 pro
1208 3171 1258 3214 suo
1285 3163 1356 3215 nutu

135 3229 257 3286 luerent.
271 3228 351 3296 Quod
365 3227 452 3285 otiam
467 3227 566 3284 beatus
586 3225 719 3292 Aopuoti‘·
772 3223 960 3294 ooollrmare;
977 3223 1027 3280 sed
1046 3224 1100 3281 boc
1118 3240 1175 3282 non
1192 3228 1353 3298 patiebatur

136 3317 199 3370 nus,
213 3300 318 3358 sentire
333 3297 443 3355 ridetur
457 3297 577 3368 loquens
597 3295 631 3351 de
646 3301 718 3351 tem·
772 3294 876 3352 caritas
890 3310 951 3351 sua.
965 3295 1155 3354 Persooaliter
1175 3297 1265 3354 voluit
1287 3315 1356 3356 oon·

136 3387 206 3444 pore
226 3377 290 3444 post
315 3369 428 3428 Domini
455 3368 717 3426 Resurrectionem.
772 3368 879 3424 versari
895 3380 959 3422 cum
979 3365 1029 3433 eis,
1044 3371 1074 3423 et
1091 3368 1239 3425 ueritatem
1255 3371 1358 3427 Resur-

137 3463 151 3498 u
170 3445 231 3502 Non
258 3441 364 3510 omnia,
389 3439 491 3512 inquil,
518 3439 624 3521 scripta
641 3444 718 3506 sunt,
772 3436 907 3495 rectionis
929 3435 1026 3494 multis
1054 3439 1249 3521 comprobarit
1266 3457 1299 3498 ai·
1320 3459 1354 3498 ii·

136 3515 237 3574 crebra
249 3513 326 3572 enim
341 3518 402 3570 erat
417 3513 479 3584 ejus
494 3525 559 3567 cum
576 3509 632 3566 illis
646 3525 719 3566 con·
773 3508 884 3578 mentis,
903 3507 932 3564 id
947 3514 990 3565 est
1004 3507 1185 3567 sensibilibus
1200 3516 1228 3569 et
1243 3511 1286 3568 esi
1308 3529 1355 3570 en·

135 3585 270 3655 versatio,
296 3584 459 3656 priusquam
488 3581 661 3638 ascendisset
691 3581 717 3636 in
772 3580 888 3637 tissimis
905 3579 1002 3652 signis,
1019 3580 1150 3638 mollaio
1164 3598 1357 3657 corporepro·

137 3658 250 3715 coeliirn.
267 3677 282 3708 s
300 3659 334 3713 Et
348 3657 420 3712 torte
435 3652 489 3726 ipsi
503 3652 593 3708 sancti
610 3654 717 3718 Patres,
773 3654 835 3724 prio
850 3652 1003 3708 ostendens
1018 3659 1122 3724 preter
1139 3659 1270 3711 naturam
1285 3671 1354 3712 cor-

135 3723 631 3794 maximeAbrabam,etDoiid,ad
667 3739 720 3779 uos
773 3722 851 3796 poris
878 3722 1057 3782 immortalis.
1087 3731 1119 3779 ut
1142 3723 1183 3780 sio
1206 3725 1354 3784 raritatem

136 3800 267 3872 specialis
300 3800 374 3856 lacta
399 3795 452 3852 luit
479 3793 629 3867 promissio
679 3793 718 3849 ilii
773 3793 1353 3872 Resurrectionisastrueiel,etabilpo·

137 3871 197 3940 Dei,
214 3872 364 3928 veniebant
378 3885 442 3926 cuni
458 3883 503 3935 eo,
517 3865 553 3922 ad
568 3865 719 3921 videndum
773 3864 854 3922 stolis
867 3880 1021 3936 eorumque
1035 3865 1154 3936 posteris
1169 3883 1282 3926 omnem
1294 3885 1354 3927 om·

134 3942 214 4002 illam
238 3939 501 3998 excellentissimam
521 3936 608 3993 liliam
628 3951 719 4004 suam,
773 3938 841 3993 nino
860 3951 975 3993 oausam
995 3935 1182 3996 baesitalioois
1199 3951 1355 3999 amoveret.

136 4016 255 4072 Matrem
275 4011 397 4078 Domini,
417 4026 480 4083 quae
495 4025 547 4082 pio
562 4007 603 4063 ris
622 4012 651 4062 et
668 4023 720 4078 pro
773 4011 804 4064 lo
827 4023 946 4088 corpore
971 4007 1049 4065 enim
1076 4013 1188 4081 proprio
1211 4011 1356 4069 cicatrices

136 4084 268 4144 omnibus
283 4083 404 4157 gratiam
417 4081 534 4148 invenit,
553 4084 580 4136 et
595 4079 721 4135 Redem-
774 4079 909 4160 ostendit,
922 4094 986 4134 cuni
1001 4084 1126 4137 tamena
1140 4088 1243 4140 natura
1257 4099 1357 4156 corpo-

136 4164 247 4230 plorem
264 4155 371 4228 genuit.
386 4155 407 4211 0
423 4168 508 4224 quam
525 4152 645 4208 libenter
657 4165 720 4206 eain
774 4167 814 4232 rius
829 4149 997 4232 immortalis
1011 4150 1124 4224 penitus
1139 4153 1234 4210 aliena
1248 4153 1357 4212 silom-

136 4227 362 4298 conspiciebant,
375 4231 404 4282 el
418 4239 504 4296 quam
516 4227 721 4280 reverenterse
776 4237 819 4278 nis
852 4222 1017 4279 deformitas
1049 4221 1203 4294 cicatricis;
1234 4225 1357 4282 comedit

136 4299 228 4358 eidem
240 4298 424 4365 inclinabant,
438 4303 467 4352 et
482 4293 559 4352 omni
571 4309 628 4365 qua
643 4299 720 4365 pote·
775 4309 839 4350 cuin
860 4292 902 4350 eis
924 4299 952 4351 et
968 4293 1049 4365 bibit,
1065 4310 1128 4351 cum
1146 4301 1240 4352 tameo
1256 4311 1358 4366 corpus

135 4377 200 4428 rant
215 4366 414 4428 benedictione
423 4367 614 4440 complebant,
623 4379 720 4436 quam·
778 4364 924 4438 spirituale
941 4366 1070 4424 ciborum
1086 4365 1222 4423 alimonia
1242 4365 1359 4422 minime

206 4469 265 4518 l'irii
282 4467 343 4516 lest·
361 4465 470 4524 cuaisri,
486 4464 571 4514 Tutius
591 4463 636 4512 lv.
1274 4469 1299 4512 td
