3104 5034
199 369 244 422 ²8⁰
519 370 675 428 sanusne
702 365 821 423 riarrs
849 345 950 420 carui
978 361 1099 418 cxxii

198 489 274 544 mus,
292 475 316 532 si
335 475 561 536 misericordiam
579 474 782 545 contemplan-

198 549 241 602 tes
256 562 307 603 nos
321 549 525 608 misericordiae
536 565 652 621 operam
670 548 779 604 demus.

198 618 346 686 Quomodo
360 627 456 678 antem
470 625 505 678 ad
521 621 675 693 imaginem
685 633 781 702 'suern'¹

198 691 323 746 attende.
343 693 417 750 Deus
441 708 555 765 semper
576 697 705 748 meminit
727 706 782 758 sui,

199 758 333 842 intelligit
352 779 394 828 ae.
414 771 444 820 et
464 779 511 846 am
563 833 569 846 .
589 807 593 818 .
611 765 690 846 llttu
702 776 782 833 ergo,

199 833 475 976 lllllllllll?
489 835 784 988 ¹iliii¹illll¹i¹s¹⁸ldi3

199 977 228 1029 et
239 975 381 1032 amareris
396 978 496 1046 ileum,
510 976 567 1035 eris
578 977 615 1034 ad
631 989 783 1050 imaginem

199 1045 271 1115 eius,
293 1045 361 1118 quia
384 1049 438 1105 bor.
460 1049 554 1106 lacere
573 1047 683 1115 niteris,
707 1046 783 1118 quod

200 1130 313 1188 semper
324 1117 393 1176 lacit
409 1120 493 1176 Deus.
508 1121 550 1177 itd
560 1118 785 1178 ‚memorandum

200 1201 267 1258 ergo
293 1193 322 1244 et
333 1188 561 1262 intelligendum,
580 1196 666 1260 atque
687 1205 783 1246 arnan-

197 1259 264 1314 dum
279 1274 423 1318 summum
449 1263 567 1332 bonum,
585 1267 675 1318 totum
698 1261 783 1318 debet

196 1329 282 1412 homo
310 1333 418 1390 reterre
443 1333 521 1405 quod
547 1332 624 1390 vivit.
650 1331 694 1390 Ad
728 1331 782 1388 hoc

196 1415 290 1458 bmnts
307 1402 452 1474 cogitatio,
465 1404 559 1462 omnis
577 1404 708 1462 uoluntas
722 1417 782 1460 cor·

194 1469 239 1528 dis
255 1479 466 1602 retorssieatiir,
479 1481 622 1546 arceatur,
634 1479 781 1534 eonllrme·

194 1547 252 1613 tur,
268 1555 299 1602 nt
312 1545 340 1602 in
355 1546 480 1620 itigabib
497 1549 600 1606 ellectu
618 1546 657 1606 sis
672 1563 782 1605 mernor

195 1615 266 1683 Dei:
284 1617 426 1691 intelligas
447 1621 548 1688 Deum,
568 1635 647 1677 ames
668 1621 779 1676 Deum:

195 1691 224 1742 et
243 1691 298 1746 tuae
312 1690 465 1747 creationis
477 1689 656 1763 dignitatem.
672 1705 728 1761 qua
743 1689 781 1747 ad

196 1755 350 1827 imaginem
371 1761 421 1816 lli-i
445 1769 602 1830 creatam,
627 1760 781 1818 salubriter

198 1828 342 1900 exprimis.
364 1831 468 1903 thuid
490 1833 567 1889 enim
582 1839 611 1889 te
626 1833 699 1889 Deus
722 1837 780 1889 tam

197 1901 334 1972 praeclaro
349 1901 523 1960 conditionis
532 1901 682 1977 privileuio
696 1903 782 1960 subli-

198 1977 299 2040 maret,
322 1972 377 2030 nisi
403 1979 432 2032 te
451 1973 510 2032 suis
524 1975 655 2033 laiidibus
669 1973 780 2032 indesi-

198 2047 299 2100 nenter
313 2043 462 2104 intendere
481 2047 585 2105 vellet?
598 2047 641 2104 Ad
655 2045 780 2103 laudan-

196 2113 265 2172 dum
280 2114 367 2188 igitur
385 2117 567 2177 Conditorem
584 2124 664 2176 tuum
684 2124 781 2176 creata

197 2200 238 2256 es,
262 2193 294 2244 ut
319 2190 381 2261 ejus
397 2187 529 2248 laudibus
545 2206 661 2260 vacans,
681 2197 709 2245 et
733 2189 780 2246 hic

191 2257 311 2328 justitiae
325 2261 428 2318 merito
443 2261 471 2317 in
485 2261 565 2320 illum
580 2277 693 2332 semper
707 2276 779 2332 pro-

194 2327 286 2399 ficias,
302 2337 329 2386 et
341 2329 372 2388 in
396 2333 492 2389 luturo
513 2334 596 2390 beate
609 2331 705 2400 risam
720 2332 781 2389 laus

195 2398 351 2527 ttttrlr
361 2402 608 2530 stitutus
621 2401 781 2530 littra

197 2547 258 2596 tuto
283 2542 368 2597 corde
392 2543 486 2610 lauda,
513 2514 657 2616 diligendo
683 2543 779 2602 lauda.

197 2612 263 2667 llaec
282 2610 358 2668 enim
373 2617 417 2670 est
436 2613 546 2670 Sanctis
560 2613 693 2671 laudandi
709 2629 781 2686 pro-

193 2679 288 2809 ffsibt
312 2683 413 2756 regula
436 2687 503 2741 :lte
526 2689 600 2742 omni
624 2687 704 2742 corde
732 2703 780 2745 ruo

223 2753 322 2810 adnuit
346 2758 511 2828 Dominum
525 2763 551 2814 et
564 2757 666 2814 dilexit
684 2761 779 2826 Dmm,

195 2827 246 2896 qai
267 2827 336 2895 serit
349 2829 430 2884 ttlum
457 2829 553 2886 Lauda
570 2845 639 2904 ergo
664 2847 695 2886 es
720 2836 780 2888 toto

193 2895 289 2970 eorde,
306 2899 402 2966 lauda,
415 2905 443 2958 et
463 2916 548 2972 quem
560 2901 661 2959 laudas
673 2901 758 2975 dilige
771 2920 778 2960 :

193 2968 262 3096 guia
285 2971 322 3026 ad
347 2972 401 3027 boc
428 2971 563 3038 lacteos,
585 2977 616 3030 ul
635 2973 733 3030 laudes
751 2979 780 3031 et

213 3045 306 3167 rugas.
327 3042 437 3100 Laudat
457 3059 592 3116 namque,
608 3045 658 3102 sed
672 3062 705 3101 ex
719 3051 779 3103 toto

192 3126 242 3167 cor
263 3127 279 3168 e
299 3129 357 3170 non
377 3113 484 3186 laudat,
502 3131 587 3189 quem
606 3116 642 3174 ad
660 3116 778 3174 benedi·

192 3183 314 3241 cendum
337 3185 427 3268 Deum
446 3202 585 3262 prospera
603 3187 777 3253 demulcent,

192 3254 243 3312 sed
265 3269 283 3311 a
308 3256 498 3316 benedicendi
518 3275 638 3317 munere
658 3260 779 3318 aduersa

192 3324 385 3399 restringunt.
399 3329 509 3388 Laudat
519 3345 642 3403 quoque,
657 3329 708 3388 sed
720 3347 778 3389 non

191 3395 298 3472 diligit,
330 3398 380 3472 qui
408 3399 437 3456 in
465 3399 515 3457 liei
543 3401 674 3458 laudibus
699 3403 777 3460 aliud

185 3482 273 3596 guam
294 3469 386 3543 ipsum
399 3469 541 3529 laudando
557 3471 687 3544 requirit.
703 3474 776 3531 Lan·

205 3555 223 3596 a
240 3540 339 3614 igitur,
353 3547 382 3599 et
395 3541 481 3615 digne
493 3541 590 3612 lauda,
601 3547 634 3600 ut
650 3542 728 3600 nulla
746 3543 776 3601 in

185 3616 215 3668 te
228 3627 307 3682 cura,
326 3615 405 3671 nulla
421 3613 553 3684 intentio,
568 3614 647 3672 nulla
662 3615 775 3687 cogita-

837 471 898 545 ipse
919 469 1054 528 solatium
1068 468 1155 539 huius
1171 459 1351 524 umbratilis
1365 457 1438 522 rita,

837 543 897 614 ipse
918 541 1061 615 possessio
1081 539 1160 596 illius
1180 539 1281 595 beatae
1304 533 1385 590 vita.
1401 529 1438 586 lu
1510 555 1511 564 .

837 615 892 672 hoc
904 617 999 687 itaque
1014 615 1088 670 lacta
1107 627 1148 678 es,
1165 616 1196 667 ut
1210 623 1285 690 eum
1303 607 1370 686 sine
1385 601 1439 682 line

838 687 1000 752 collaudem
1017 684 1094 757 quod
1118 691 1187 739 tuuc
1207 687 1322 750 utique
1336 672 1439 756 intelli·

838 774 888 830 ges
914 756 1037 830 plenius,
1053 769 1118 812 oum
1133 754 1194 826 ejus
1208 753 1304 810 beata
1332 759 1440 824 rimone

838 829 1002 896 sublimata,
1015 827 1124 884 ridebis
1138 831 1166 882 te
1184 824 1248 880 sola
1263 825 1298 878 et
1314 821 1440 897 gratiana

838 902 965 959 bonitate
975 899 1134 966 illins‚eum
1144 909 1307 976 nonesses,
1321 891 1361 946 de
1374 887 1441 970 nilsi-

839 973 866 1030 lo
878 972 915 1030 ad
926 979 984 1029 tam
998 972 1110 1028 beatam
1134 973 1163 1025 et
1178 974 1236 1024 tam
1252 961 1439 1020 ineffabilem

839 1043 1045 1102 beatitudinem
1068 1045 1205 1121 creatam,
1221 1040 1381 1094 vocatam.
1392 1030 1439 1110 ju-

838 1116 1001 1184 mistretam,
1021 1119 1105 1186 atque
1122 1109 1339 1190 glor1licatam.
1367 1103 1440 1185 'latis

839 1203 962 1258 namque
984 1182 1186 1256 contemplatio
1216 1175 1439 1264 infatigabilem

838 1258 889 1317 tibi
905 1275 1032 1316 amorem
1047 1256 1127 1314 dabit
1140 1268 1206 1311 eum
1220 1267 1291 1310 stne
1301 1250 1367 1306 fine
1382 1245 1438 1302 lau·

838 1329 935 1398 dandi,
951 1347 984 1388 ex
999 1333 1104 1402 quo‚et
1117 1339 1281 1398 perquem,
1296 1327 1331 1379 et
1340 1319 1373 1376 in
1387 1331 1438 1388 qno
1517 1373 1518 1378 1

837 1409 934 1470 tantis,
945 1411 974 1458 et
988 1407 1046 1458 tam
1059 1395 1292 1456 immutabilibus
1310 1394 1401 1450 bonis
1414 1395 1438 1442 te

836 1473 1029 1531 beatillratam
1047 1471 1185 1544 gaudebis
1199 1485 1206 1524 :
1222 1489 1237 1520 t)
1254 1468 1326 1522 liaee
1342 1460 1436 1540 Amet·

836 1561 907 1602 mus.
923 1545 984 1602 Non
1004 1543 1097 1626 solum
1112 1545 1207 1598 aulem
1223 1539 1293 1596 lraee
1307 1545 1438 1610 praemis·

836 1609 1434 1752 {labltltlllllltltlllttltl?

836 1775 901 1815 cum
918 1758 1030 1832 perdita
1044 1773 1133 1824 esses,
1148 1753 1272 1812 redemit
1287 1757 1321 1809 et
1337 1747 1434 1825 salra-

837 1830 887 1913 rit²
912 1846 945 1888 ac
970 1827 1124 1886 multifarie
1151 1824 1312 1896 multisque
1344 1823 1431 1876 niodis

836 1900 961 1958 visitarit
974 1907 1004 1958 et
1016 1897 1190 1966 sublimavit,
1198 1897 1234 1954 ad
1250 1889 1431 1977 laudandum

837 1974 926 2030 Deum
951 1979 979 2029 te
995 1977 1151 2044 provocant
1174 1967 1391 2040 multipliciter,
1406 1965 1429 2040 et

836 2043 975 2117 obligant.
992 2045 1096 2102 Exerce
1110 2056 1179 2113 ergo
1192 2045 1221 2097 te
1235 2038 1265 2094 in
1282 2034 1377 2094 laude
1389 2031 1429 2088 dr·

836 2114 913 2186 sina,
932 2114 1000 2188 quia
1019 2115 1054 2172 sd
1074 2115 1129 2170 boc
1144 2111 1196 2169 ribi
1211 2109 1352 2167 membra
1368 2105 1430 2185 sunt

836 2187 913 2252 data,
933 2193 965 2244 ut
982 2185 1306 2251 pontiniacensem
1322 2183 1428 2252 gratias

837 2258 862 2316 ei
870 2259 987 2317 releras.
996 2257 1075 2315 Unde
1087 2258 1297 2326 chrysostomus
1312 2271 1322 2307 :
1334 2271 1349 2302 «i
1361 2249 1427 2306 Nam

836 2339 865 2389 et
880 2330 988 2399 oeulos,
1000 2333 1030 2386 et
1044 2344 1088 2390 os.
1103 2335 1132 2384 et
1150 2325 1281 2384 auditum
1300 2325 1428 2398 propter·
1516 2335 1518 2367 i

836 2418 871 2460 ea
898 2401 928 2459 in
951 2399 1034 2458 nobis
1056 2398 1150 2472 posuit
1173 2400 1259 2462 Deus,
1278 2401 1313 2452 ut
1333 2403 1425 2450 omma

836 2473 890 2546 ipsi
904 2475 1034 2532 membra
1049 2469 1209 2529 servirent:
1225 2473 1258 2526 ut
1278 2481 1348 2548 quae
1364 2465 1426 2544 suut

836 2544 924 2617 ipsius
951 2543 1111 2604 audiamus.
1145 2557 1209 2624 quae
1241 2551 1310 2596 sunt
1337 2547 1423 2608 ipsius

837 2617 1422 2693 loquamur‚quaesuntipsiusnperemur3

837 2692 920 2756 einue
945 2687 1043 2745 laudes
1068 2701 1203 2743 canamus
1227 2685 1373 2744 assium
1397 2679 1423 2732 0²

871 2759 944 2816 atlas
955 2775 1006 2832 per
1020 2763 1121 2816 cuncta
1136 2757 1420 2825 reformaremus

857 2847 898 2888 aec
910 2829 1007 2888 omnia
1021 2827 1203 2886 conscientia
1214 2833 1320 2884 nostrie
1335 2834 1422 2879 serre

1517 2288 1519 2330 l

1516 2372 1519 2451 l

836 2907 866 2961 ia
883 2901 1072 2960 mundemus:
1091 2922 1105 2952 n
1124 2903 1186 2957 baec
1203 2901 1418 2968 chrysostomus.
1517 2950 1518 2957 χ

873 2993 887 3031 a
908 2976 1061 3030 lluirmmnc
1077 2989 1162 3028 osser
1179 2985 1359 3036 sciamusne,
1376 2977 1418 3026 ont

835 3061 904 3103 rnnr
919 3046 997 3103 Deua
1008 3061 1142 3102 murana.
1156 3073 1193 3087 -
1205 3043 1241 3099 Ut
1252 3046 1352 3098 autem
1367 3048 1420 3092 me·

834 3116 890 3174 lius
902 3116 931 3174 in
947 3116 1030 3175 lande
1043 3115 1180 3172 divinate
1194 3113 1290 3171 valeas
1306 3122 1418 3168 exerce·
1516 3145 1518 3176 i

834 3205 877 3271 re,
895 3187 974 3270 prius
994 3186 1114 3270 bomilia
1137 3194 1165 3244 te
1188 3187 1247 3267 ileo
1271 3183 1375 3266 raldet
1391 3179 1417 3258 pl

834 3259 880 3316 dic
897 3276 930 3317 ea
949 3263 1058 3316 intimis
1073 3258 1239 3332 praecordiis
1254 3260 1311 3312 tuis
1326 3255 1416 3310 humi·

833 3331 899 3388 liter
912 3335 942 3388 et
964 3329 1066 3388 denote
1086 3347 1093 3387 :
1117 3330 1139 3388 0
1157 3331 1241 3386 Pater
1256 3325 1414 3383 misericor·
1511 3342 1518 3366 i

833 3401 955 3470 diarum,
971 3401 1029 3458 scio
1046 3407 1075 3458 et
1092 3417 1158 3458 rere
1173 3414 1326 3472 cognosco,
1342 3390 1414 3468 quod

833 3489 878 3530 me
894 3478 1073 3546 peccatorem
1086 3472 1223 3530 miserum
1235 3471 1324 3544 magis
1337 3469 1415 3525 dece·

832 3552 877 3603 ret
900 3559 995 3602 coram
1019 3551 1047 3601 te
1069 3545 1165 3616 J'aeere
1189 3545 1372 3614 prostratum,
1387 3539 1412 3591 et
1519 3547 1520 3564 ¹

832 3631 897 3674 curn
914 3617 982 3674 fletu
1000 3631 1034 3672 ae
1045 3617 1153 3687 gemitu
1167 3619 1348 3688 peccatorum
1363 3623 1412 3664 re-

185 3679 237 3752 tio,
256 3683 334 3741 nulla
348 3685 510 3744 sollicitudo
521 3685 634 3754 mentis.
645 3687 673 3744 io
687 3701 776 3760 quan·
831 3688 909 3745 niam
923 3689 1063 3760 flagitare,
1081 3702 1166 3759 quam
1182 3689 1211 3742 te
1234 3700 1284 3742 ore
1308 3681 1410 3766 polluto

190 3757 249 3809 tum
264 3752 316 3811 tibi
335 3755 423 3815 virtus
439 3758 573 3830 suppetit,
591 3774 608 3816 a
627 3758 709 3816 laude
727 3761 775 3818 Dei
830 3759 958 3816 laudare.
972 3759 1027 3816 Sed
1040 3765 1147 3828 tamen,
1165 3757 1201 3814 de
1220 3764 1268 3814 tua
1287 3763 1410 3827 piissima

186 3823 224 3880 sit
237 3839 336 3881 vacua.
351 3829 393 3885 nb
409 3829 472 3900 ejus
487 3829 569 3888 laude
588 3830 702 3887 nullate
716 3831 775 3887 lin-

184 3895 265 3968 jutae
284 3894 348 3952 ritae
363 3899 536 3972 prosperitas
555 3907 679 3973 revocet,
696 3903 775 3960 nulla

830 3831 998 3900 bonitateet
1013 3829 1140 3898 ingenita
1149 3826 1311 3895 dulcedine,
1321 3819 1408 3907 omni·

830 3902 937 3974 busque
954 3901 1119 3959 mortalibus
1129 3901 1309 3974 promulgata
1324 3903 1407 3952 virtu·

188 3973 350 4039 compescat
368 3968 527 4027 adversitas
540 3989 547 4038 ;
572 3973 613 4029 sic
638 3976 715 4030 enim
740 3990 773 4031 ea
829 3978 857 4030 te
869 3973 1004 4039 conlisus,
1018 3971 1138 4045 teipsum
1150 3972 1267 4030 laudare
1282 3967 1365 4050 cupio
1379 3979 1407 4022 er

189 4043 249 4094 toto
276 4039 362 4095 corde
380 4039 509 4098 laudabis
528 4043 690 4101 Dominum.
718 4046 774 4103 Sed

830 4044 939 4101 intimis
954 4043 1129 4116 praecordiis‚
1147 4045 1302 4100 obsecrans
1319 4053 1408 4096 msce-

189 4123 253 4166 cum
269 4125 302 4166 ex
313 4115 372 4166 toto
388 4111 472 4167 corde
487 4126 552 4168 eum
563 4113 734 4183 laudaveris,
744 4125 773 4173 et
829 4131 862 4172 ra
876 4115 1087 4174 miserationum
1103 4121 1226 4175 tuarum.
1241 4119 1273 4172 ut
1290 4127 1335 4168 me
1350 4123 1406 4166 rer·

190 4180 312 4254 diligens
325 4180 421 4251 lauda,
435 4181 474 4238 nil
488 4181 566 4264 aliud
582 4185 618 4241 ab
638 4202 672 4242 eo
687 4202 772 4258 quam
829 4203 903 4244 mem
917 4186 1209 4268 immiindum,ranem
1219 4189 1373 4268 mortuom,
1384 4183 1409 4235 et

188 4250 281 4338 ipsum
299 4260 442 4338 expetens,
456 4257 487 4311 ut
505 4254 618 4337 ipsesit
632 4255 697 4311 linis
716 4258 772 4339 de-
828 4262 948 4341 cadaver
962 4258 1108 4332 putridum
1122 4275 1178 4316 nnn
1189 4255 1406 4338 despiciasllo·

186 4326 350 4394 uideantur,
380 4341 441 4400 ipso
474 4341 623 4400 praemium
652 4327 769 4396 laboris,
828 4345 906 4388 mine
922 4331 997 4386 Deus
1019 4345 1107 4386 meus.
1135 4328 1408 4402 Namquesiviiti·
