3124 5038
303 355 461 420 QUOMODO
488 355 636 412 ocultus
663 355 776 412 aaran.
806 355 937 426 ntuetr,
962 355 1076 414 ruunt
1101 358 1262 428 abstuti.
1353 361 1400 418 alt

167 464 340 540 principales
354 464 461 524 diaboli
474 464 676 540 impugnantes
691 483 754 538 nos,

167 544 269 596 contra
283 554 356 610 quos
381 539 518 596 debemus
532 555 592 596 esse
607 539 705 596 fortes.
721 569 756 584 ·-

168 609 283 668 Primus
303 615 344 666 est
369 626 450 668 emor
468 613 559 682 culpae
584 610 754 683 iniustorum

166 697 276 750 rerum,
296 682 339 738 vel
370 697 451 740 amor
478 681 582 752 carnis,
603 685 646 742 vel
673 683 756 742 am'or

166 755 296 818 honnus,
313 753 404 824 quiin
421 755 609 825 quorumdam
623 754 757 814 cordibus

168 831 213 884 eat
230 825 272 882 ita
287 825 377 890 tortis,
394 826 470 898 quod
497 843 547 897 pro
560 841 596 884 eo
611 829 756 886 coeleatem

168 896 291 969 gloriam
311 899 455 956 deserunt.
477 927 512 942 -
536 899 693 967 Secundus,
714 904 757 958 cst

167 969 255 1028 timor
274 968 453 1038 dillideutiae,
470 967 517 1041 qui
539 969 626 1028 etiam
652 972 756 1028 multos

168 1041 325 1114 impugnat.
346 1041 426 1112 quasi
454 1041 591 1098 Dominus
614 1045 686 1100 nolit
706 1059 755 1102 cos

165 1115 277 1189 jurare,
294 1114 370 1184 quod
390 1115 500 1186 possint
519 1112 639 1172 inbono
659 1131 755 1187 perse-

168 1201 280 1250 uerare,
295 1187 338 1240 rel
363 1185 438 1257 quod
455 1201 517 1242 nou
541 1185 649 1257 possint
671 1188 755 1244 susti-

170 1273 240 1316 nere
255 1257 355 1313 duram
367 1257 642 1323 timuitenliamcum
659 1267 754 1316 temen

169 1329 453 1388 deberentsustinere
463 1328 607 1388 duriorem
617 1333 754 1404 gehenna

167 1417 293 1476 poettam.
307 1431 340 1443 -
353 1400 475 1468 Tertius,
486 1407 528 1457 eat
538 1403 619 1458 dolor
634 1403 752 1460 delecta·

168 1473 257 1530 tlonis
271 1471 363 1530 carnis
379 1475 422 1529 vel
439 1473 546 1540 mundi,
567 1473 753 1544 dimittendae,

169 1548 212 1604 vel
224 1546 284 1618 Jam
294 1544 428 1601 dimissae.
441 1551 462 1602 tt
473 1545 569 1613 miser,
580 1545 648 1618 quid
663 1548 754 1604 lacis'l

169 1619 298 1675 Morbum
315 1615 396 1688 edgis
409 1633 459 1688 pro
482 1616 612 1688 sanitate,
633 1625 753 1676 mortem

168 1705 221 1764 pro
229 1688 295 1758 uita,
305 1688 449 1746 tristitiam
457 1705 509 1762 pro
521 1690 628 1756 laetitia,
639 1707 752 1763 poenam

168 1760 372 1834 sempiternam
386 1777 436 1833 pro
450 1760 552 1836 gloria.
570 1794 605 1806 -
619 1764 752 1834 Quartus,

166 1840 212 1894 est
232 1833 323 1906 pudor
339 1833 510 1904 operationis
532 1835 623 1905 hnnae,
639 1836 752 1907 quando

167 1905 232 1980 quis
246 1905 352 1976 cogitat
365 1905 442 1974 quod
464 1905 595 1962 homines
620 1907 752 1964 derident

168 1993 244 2048 eum,
260 1977 282 2034 si
302 1975 402 2034 humili
413 1981 490 2034 ueste
507 1975 622 2046 incedit,
640 1979 662 2034 si
675 1979 749 2050 jeJu·

167 2056 229 2118 nat,
244 2047 267 2105 ai
283 2055 356 2118 orat,
372 2048 396 2106 si
412 2050 618 2122 peregrinatur,
633 2056 662 2108 et
676 2049 751 2108 simi·

167 2121 207 2179 lia
220 2121 296 2178 iecit.
309 2153 341 2164 -
359 2120 491 2192 Quintus,
513 2127 556 2178 est
569 2138 633 2194 spes
648 2121 750 2192 veniae,

169 2193 281 2267 quando
300 2192 364 2266 quis
385 2193 476 2251 dicit:
499 2197 573 2253 Deus
588 2199 631 2250 cst
645 2194 752 2252 miseri·

168 2283 240 2332 cors,
257 2281 308 2322 nos
333 2265 368 2322 dc
398 2266 473 2322 lactli
499 2284 557 2324 non
581 2266 708 2336 damnat,
723 2271 752 2324 ct

167 2337 320 2397 Christiani
340 2353 463 2394 sumus:
485 2339 587 2396 horum
606 2353 670 2410 spes
684 2353 750 2395 crtu-

166 2409 305 2478 iunditur,
322 2423 388 2480 quta
404 2425 468 2480 spes
487 2417 530 2468 eet
555 2415 632 2467 certa
646 2427 751 2478 exspe-

168 2481 254 2539 ctatio
269 2486 370 2538 l'uturae
383 2481 579 2550 beatitudiuis,
594 2499 627 2538 ex
641 2483 751 2540 meritis

167 2553 353 2628 proveniens;
369 2553 420 2610 sed
446 2552 491 2610 iuti
513 2554 561 2626 qui
577 2561 674 2612 carent
696 2571 751 2612 me·

167 2626 240 2695 ritis,
258 2642 313 2681 non
326 2624 439 2698 proprie
453 2633 577 2699 sperant,
593 2625 643 2683 sed
657 2627 752 2700 potius

167 2703 354 2773 praesutnuut.

202 2793 218 2844 7
231 2771 289 2826 Ccn
300 2786 464 2826 ranrsuruau
473 2787 664 2827 saraneuerur
672 2770 753 2828 Curr-

167 2859 231 2899 srus
246 2841 391 2898 Ocurura?
403 2873 436 2884 -
450 2844 507 2898 lloc
523 2849 618 2900 autom
630 2844 705 2914 quod
721 2859 752 2900 se

166 2912 338 2986 palpabilem
360 2913 494 2996 praebuit,
512 2915 674 2970 factumest
691 2913 750 2970 mi-

165 2989 303 3054 raculose,
321 3001 338 3056 q
352 3002 387 3042 ua
403 3001 505 3057 corpus
521 2985 632 3042 Domini
653 2984 749 3042 incor-

165 3057 301 3128 ruptibile
316 3063 344 3113 et
361 3056 534 3126 immortale,
550 3057 750 3129 a'corruptibi·

165 3130 239 3187 libus
251 3136 279 3186 et
293 3129 460 3186 mortalibus
477 3129 644 3186 naturaliter
654 3133 750 3201 palpa·

166 3202 245 3258 riost
260 3200 443 3274 impossibile.
459 3202 528 3258 btiro
544 3207 654 3272 ergoet
670 3200 749 3258 inel-

166 3273 245 3330 iabiti
274 3273 369 3344 modo,
397 3273 551 3332 secundum
577 3275 748 3342 (leopoldum,

166 3361 267 3418 corpus
286 3359 370 3401 suum
398 3346 442 3416 pal
464 3347 538 3402 abile
566 3344 698 3419 praebuit,
719 3349 750 3402 ut

165 3417 336 3475 reformaret
349 3433 401 3474 nos
415 3361 463 3474 af

165 3488 265 3562 ptibile
283 3489 499 3557 demonstravit,
515 3495 546 3546 ut
564 3488 697 3546 invitaret
713 3489 750 3546 ad

164 3563 330 3634 praemium3
348 3561 445 3618 siccet
458 3561 601 3638 palpabile
612 3560 749 3631 exhibuit,

166 3639 195 3690 ct
219 3631 444 3706 incorruptibile,
472 3637 504 3690 ut
531 3633 694 3690 ostenderet
720 3649 751 3690 se

166 3705 295 3779 ejusdcm
322 3720 384 3762 csse
410 3711 531 3774 naturae,
554 3705 632 3780 cujus
660 3704 752 3761 luerat

168 3784 236 3834 ante
254 3777 425 3848 Passionem,
446 3777 474 3833 id
502 3780 545 3834 est
569 3791 684 3832 carnem
699 3777 750 3833 ha·

167 3847 247 3917 here,
270 3854 299 3905 et
312 3849 430 3907 alterius
444 3847 554 3924 gloriae,
572 3846 599 3904 id
616 3854 659 3904 est
674 3863 751 3904 eam-

168 3919 233 3978 dem
248 3935 363 3977 carnem
375 3919 618 3995 incorruptibilem
635 3935 706 3976 ease.
720 3921 753 3975 ut

168 3992 235 4064 quia
258 3991 288 4047 in
313 3991 424 4052 Domini
446 3989 672 4059 Resurrectione,
700 4006 751 4046 no·

169 4069 227 4120 stra
243 4063 384 4136 generalis
401 4065 572 4121 resurrectio
587 4069 630 4119 est
652 4061 752 4136 praell-

166 4141 280 4208 gurala,
294 4135 418 4192 «telendit
434 4151 484 4212 per
506 4137 559 4192 hoc
575 4144 671 4192 nostra
690 4150 752 4190 cor·

165 4221 235 4279 pora
248 4212 313 4280 post
328 4207 564 4264 resurrectionem
581 4205 621 4262 ita
633 4222 696 4263 esse
710 4205 750 4262 in·

165 4277 362 4352 corruptibilia
381 4285 410 4336 et
424 4279 539 4336 subtilia
552 4295 604 4352 per
620 4277 752 4336 ellectum

166 4349 324 4422 spiritualis
342 4349 489 4423 potentie,
504 4355 536 4407 ut
560 4351 669 4422 possint
690 4365 751 4407 esse

467 3418 564 3484 tidem,
580 3423 609 3474 et
625 3418 750 3474 incorru-

814 467 968 542 palpahilia
983 483 1001 525 a
1020 465 1217 528 consimilibus
1231 469 1399 544 corporibus

813 557 865 612 per
880 539 1027 597 veritatem
1042 546 1162 599 naturae.
1173 542 1245 600 Caro
1256 543 1331 600 enim
1346 560 1398 602 no·

813 619 873 670 stra
888 613 996 684 absque
1020 611 1203 686 corruptione
1224 616 1267 672 vel
1294 614 1400 688 tragili-

812 690 871 744 tate
900 683 1011 753 mortis,
1031 684 1061 742 in
1085 685 1206 742 veritate
1231 687 1399 746 substantiae

813 764 855 815 est
870 764 1074 814 resurrectura.
1099 757 1178 816 Unde
1191 758 1266 814 Beda
1289 775 1298 814 t
1315 781 1330 810 o
1345 759 1399 818 Pa·

812 844 875 887 rum
888 828 1039 886 luitocnlis
1054 827 1248 886 seridentium
1277 831 1398 903 rebare,

812 899 1175 1044 attraherer.
1181 843 1397 1046 utilra-

998 1015 1005 1042 t
1080 1014 1086 1036 r
1385 1005 1398 1020 “

812 1043 1397 1121 scipulisossacarnemquepraemnustrat,

812 1122 910 1187 aperte
933 1123 1039 1174 statum
1064 1131 1139 1175 verte
1155 1117 1397 1192 Resurrectionis,

812 1188 958 1260 quaetio
975 1205 1006 1246 sc
1021 1189 1095 1246 lacta
1108 1194 1136 1246 et
1149 1188 1180 1246 iu
1195 1188 1279 1248 nobie
1293 1195 1335 1246 ast
1350 1190 1397 1248 lu·

811 1265 875 1318 tura
889 1259 1041 1332 significat.
1051 1280 1064 1314 u
1078 1261 1157 1318 Unde
1171 1267 1200 1320 et
1214 1261 1362 1332 Oroporiue
1385 1281 1394 1320 t

812 1352 826 1386 o
840 1335 901 1391 lion
916 1333 992 1390 anim
1007 1332 1037 1390 in
1053 1334 1101 1390 illa
1111 1332 1396 1405 resurrectionisglo·

810 1405 853 1462 ria
868 1421 969 1489 corpus
982 1409 1109 1462 nostrum
1124 1405 1179 1461 crit
1199 1403 1394 1478 impalpabile,

810 1482 838 1534 et
853 1483 945 1534 ventis
959 1491 1083 1548 aereque
1096 1475 1236 1538 subtilius.
1254 1483 1284 1534 ut
1300 1475 1395 1536 liutiti-

810 1548 869 1606 cius
887 1547 972 1617 dixit;
997 1551 1047 1626 sed
1073 1547 1176 1606 subtile
1196 1546 1323 1618 quidem,
1343 1563 1395 1620 per

810 1621 941 1678 ellectum
961 1617 1117 1692 spiritualis
1130 1618 1277 1701 potentiae.
1297 1623 1395 1692 palpa·

808 1691 867 1750 bile
890 1699 996 1759 eutem,
1014 1707 1063 1763 per
1079 1697 1228 1750 veritatem
1243 1695 1360 1750 daturin.
1378 1713 1392 1744 o

810 1765 875 1834 Sed,
890 1770 921 1822 ut
936 1763 1004 1820 dicit
1020 1766 1195 1833 dupuctirtua
1214 1780 1220 1819 :
1244 1761 1394 1822 «Claritas

809 1834 1245 1966 tltltlllldllllttlltl
1255 1833 1396 1968 {altit

808 1979 963 2036 resurrexit
976 1949 1116 2062 ah'oculis
1127 1923 1330 2051 discipuforur'n
1339 1995 1394 2060 po·

808 2051 864 2108 tius
874 2051 1042 2108 abscondita
1056 2051 1155 2121 luisse,
1170 2065 1256 2122 quam
1269 2049 1394 2107 doluisse

808 2124 951 2180 credenda
972 2131 1034 2192 eet,
1050 2139 1105 2179 non
1121 2123 1198 2178 enim
1219 2136 1282 2178 eam
1306 2122 1394 2180 terret

806 2196 947 2252 humanus
977 2200 1062 2266 atque
1090 2192 1223 2251 infirmus
1246 2198 1390 2264 aspectus,

808 2267 922 2340 quaudo
937 2265 985 2323 ille
1000 2283 1017 2324 a
1031 2264 1091 2322 suis
1105 2263 1146 2324 ita
1168 2265 1288 2323 deberet
1301 2271 1392 2324 atten-

808 2338 846 2405 ui,
866 2345 896 2396 ut
911 2343 1006 2410 posset
1020 2335 1160 2410 cognosci.
1178 2355 1193 2392 a

843 2415 860 2468 8
873 2411 982 2469 Onnum
997 2411 1104 2467 Douruo
1117 2426 1151 2466 un
1167 2423 1347 2468 conuerterat
1360 2425 1389 2467 ru

807 2500 891 2566 seusu
902 2500 1040 2540 armarant
1053 2499 1086 2538 ar
1098 2498 1220 2565 uterino.
1229 2511 1263 2524 -·
1272 2483 1315 2541 ut.
1325 2495 1390 2540 cunt

807 2555 1140 2701 llltmtllltlllll
1154 2555 1391 2709 llltlttbtt

808 2700 996 2768 baberent‚ut
1007 2715 1060 2772 per
1068 2709 1270 2757 comestionem
1288 2697 1392 2756 mellus

808 2771 1056 2829 Resurrectionem
1071 2775 1221 2827 astrueret.
1235 2770 1335 2826 Adbuc
1345 2785 1392 2824 au·

808 2849 860 2899 tem
878 2845 938 2898 illic
953 2859 1007 2898 non
1025 2842 1208 2909 medentibus,
1224 2847 1250 2896 et
1262 2843 1390 2896 miranti·

808 2916 856 2970 buc
870 2931 928 2986 pra
943 2914 1056 2983 paudio,
1073 2914 1149 2968 dicit
1173 2931 1182 2967 c
1203 2912 1318 2968 Habetis
1343 2913 1391 2968 ltt’c

806 2987 916 3057 aliquid
930 2985 1003 3056 quod
1018 2985 1221 3041 manducetur?
1235 2984 1274 3039 tt
1287 2983 1334 3040 illi
1345 2983 1390 3039 olt-

806 3060 928 3114 tulerunt
944 3059 970 3112 ei
1020 3063 1090 3112 rtem
1107 3058 1193 3128 piscia
1212 3058 1280 3124 urei,
1309 3053 1391 3127 cujus

804 3130 877 3186 torte
893 3130 953 3204 jam
968 3073 1053 3185 affin
1069 3135 1177 3200 partem
1194 3126 1389 3210 comederant,

805 3207 830 3258 ct
855 3205 953 3270 fucum
969 3201 1069 3256 mellic.
1092 3201 1216 3256 Fuerunt
1235 3203 1331 3254 autem
1348 3195 1388 3260 tlh

804 3275 866 3330 haec
888 3273 943 3329 duo
962 3278 1157 3344 competenter
1180 3271 1276 3328 oblata
1300 3291 1307 3326 r
1328 3267 1389 3341 ipse

804 3348 881 3402 enim
904 3348 965 3402 erat
986 3343 1071 3416 piscis
1096 3358 1184 3412 meus,
1209 3356 1261 3414 per
1280 3337 1389 3397 nitore

806 3419 938 3476 humanae
956 3415 1136 3489 passionem
1152 3413 1201 3471 sed
1223 3413 1305 3469 levus
1322 3412 1389 3469 mel·

805 3488 850 3556 lis,
860 3505 911 3562 per
922 3496 1031 3546 naturae
1041 3487 1144 3544 divium
1155 3483 1346 3544 dulcedinem.
1359 3485 1390 3540 ln

806 3561 869 3618 lavo
896 3561 1001 3635 quippe
1023 3558 1259 3644 mallisutraquc
1287 3560 1391 3640 natura

806 3629 1393 3768 :thiltlltttlltlltllttilll

807 3777 876 3832 cedo
889 3776 918 3832 iu
936 3774 1121 3832 humanitate.
1137 3775 1202 3831 hese
1225 3777 1320 3832 autem
1335 3770 1393 3830 duo

807 3847 926 3906 [lumino
946 3847 1053 3914 oblata,
1074 3844 1238 3920 significant
1258 3843 1315 3900 duo
1330 3857 1394 3912 uuae

807 3918 1010 3990 etuosmetipsi
1023 3918 1160 3975 dehemus
1176 3913 1295 3974 Oomluo
1309 3913 1392 3972 oller·

807 4007 850 4058 re,
867 3991 992 4046 scilicet:
1018 3988 1125 4074 piscem
1144 4003 1250 4058 assum,
1263 4001 1314 4061 per
1329 4000 1392 4043 cer·

808 4061 851 4118 nis
864 4061 1123 4128 mortificationem,
1134 4071 1163 4118 et
1179 4063 1274 4118 larum
1289 4055 1393 4138 mellis,

806 4149 858 4207 per
874 4133 974 4190 mentia
989 4133 1184 4202 devotionem3
1200 4131 1256 4200 vel,
1282 4131 1311 4186 in
1328 4127 1392 4185 cabo

808 4222 859 4262 suo
879 4204 1015 4263 Dominus
1028 4204 1099 4333 pisci
1114 4219 1177 4262 asso
1192 4198 1391 4284 conjungire·

808 4277 860 4335 luit
872 4281 965 4335 lavum
981 4293 1026 4336 me
1039 4276 1083 4346 lis,
1100 4275 1168 4349 quia
1181 4274 1243 4350 ipse
1258 4277 1288 4330 ut
1306 4284 1390 4352 precis

809 4349 897 4407 latere
919 4348 1110 4422 dignatusest
1132 4346 1161 4402 ln
1178 4344 1260 4417 aquis
1273 4344 1391 4400 huntam
