3124 5038
235 422 283 480 166
560 420 716 476 satanan
743 418 862 473 rantis
889 417 992 472 CAPUT
1019 416 1131 472 lllllll

237 527 372 604 suscepit,
385 541 541 600 numquam
553 525 700 611 perdidit:
716 539 824 597 speque
879 527 1015 592 aromata,
1046 527 1075 582 et
1102 525 1281 596 paraverunt
1306 522 1455 604 unguente,

236 599 396 660 certissima
409 597 635 658 Resurrectlouis
646 597 767 670 gloriam
778 613 822 654 ex·
879 601 912 653 ut
929 597 1066 653 omenes
1084 611 1179 666 mene,
1197 611 1233 654 ex
1256 595 1407 652 deuouere
1425 589 1457 644 ad

235 671 391 744 spectavit:
409 691 423 726 o
440 673 501 729 llaec
511 672 695 741 scomoiaco.
709 671 770 726 lton
780 675 822 724 ta·
879 665 1053 724 visitandum
1064 667 1262 740 sepulchrum,
1274 667 1409 744 ιιιιιιιιιιιιι
1419 663 1457 742 ls-

235 759 301 802 meu
316 747 429 817 potarat
447 743 509 816 ipsa
528 741 648 800 Domine
667 741 824 813 gaudenter
880 753 951 804 sum,
967 739 1075 797 scilicet
1093 739 1155 812 ejus
1179 755 1287 811 corpus
1310 740 1459 796 sacratissi-

235 824 322 885 stare,
333 821 450 890 propter
462 816 630 872 memoriam
645 811 744 870 mortis
760 809 822 870 Filii

235 886 289 956 sui,
306 886 383 959 passi
401 887 517 960 injuste.
532 888 568 944 Et
582 885 697 942 sabbato
713 883 824 955 quidem

237 961 384 1028 siluerunt,
400 958 549 1016 seeundum
558 957 722 1014 mandatum
731 953 823 1026 Legis,

238 1030 331 1089 idest
351 1030 388 1088 ab
406 1029 541 1103 operibus
560 1031 741 1102 quieveruut3
758 1041 825 1084 uam

242 1098 825 1174 sabbatumcustodireoportebat,ettuua

242 1174 828 1326 {lustitiatuttelstet

247 1261 506 1399 salffipatumstatme
516 1318 625 1386 requies
635 1315 827 1396 seutatermis·

247 1391 288 1444 aio
312 1391 526 1459 ruterpretatur.
548 1389 650 1458 llagua
672 1393 715 1442 est
734 1387 827 1456 dogus-

244 1465 288 1517 tas
306 1458 427 1529 sabbati,
445 1457 513 1531 quia
531 1457 560 1514 iu
582 1474 616 1515 eo
631 1463 690 1514 tola
704 1457 828 1513 Trinitas

244 1529 394 1602 requievit.
421 1532 491 1588 Nam
519 1531 603 1587 Pater
627 1527 776 1612 requievit,
792 1527 827 1584 ab

245 1617 331 1676 opere
357 1600 518 1670 creationis,
536 1601 612 1673 quod
641 1601 693 1656 lurt
716 1613 828 1672 magnae

241 1672 393 1747 potentiae:
419 1675 517 1744 Filius,
544 1675 579 1730 ab
606 1687 691 1744 opere
717 1686 828 1728 recrea-

241 1743 339 1826 tionis,
355 1744 432 1817 quod
451 1743 506 1801 init
528 1742 647 1825 infinitae
666 1741 827 1870 sapieptiae3

243 1815 366 1898 Spiritus
391 1817 509 1872 Sanctus
530 1813 671 1886 requievit
716 1815 781 1871 odie
801 1830 829 1870 ru

240 1886 370 1956 Virgine,
386 1887 463 1957 quod
475 1885 528 1943 luit
542 1901 653 1958 megum
667 1889 696 1943 et
710 1885 830 1943 infinita

242 1957 388 2028 bonilatis,
398 1957 464 2030 quie
475 1957 538 2031 ipsa
547 1959 651 2028 stabat,
660 1957 761 2015 ceteris
775 1957 829 2014 sci·

246 2029 311 2087 licet
323 2027 466 2103 Apostolis
480 2035 509 2087 el
522 2028 728 2100 mulieribus,a
740 2030 831 2103 gratia

251 2101 371 2175 Spiritus
388 2101 483 2159 Sancti
499 2101 675 2159 cadentibus.

288 2175 458 2231 ulliumsnss
482 2191 571 2230 auuur
591 2191 726 2230 snouarn.
745 2203 779 2214 -
796 2175 831 2228 Et

254 2262 315 2302 oum
328 2249 475 2302 transisset
490 2247 647 2314 sabbatam,
663 2261 726 2302 sero
746 2243 830 2312 lacto,

249 2321 278 2375 ct
291 2317 380 2374 stellis
398 2317 611 2390 apparentibus,
627 2321 691 2389 post
704 2315 773 2372 solis
787 2331 831 2371 oa·

254 2386 832 2528 llll‘lataztllllttllllllll

255 2531 365 2588 Solome
378 2535 500 2585 sumunt
514 2534 649 2594 aromata,
658 2531 832 2585 utoeno'entes

250 2616 302 2672 pro
317 2599 455 2657 faciendis
468 2599 631 2671 unguentis,
646 2605 778 2670 unqerent
791 2603 833 2656 Je-

250 2687 322 2736 sum,
339 2670 430 2744 ipsius
454 2670 562 2728 scilicet
583 2686 687 2743 corpus
704 2671 833 2728 sacratis-

251 2741 368 2801 simum.
385 2745 498 2800 intuere
511 2741 597 2815 igilur
609 2758 658 2799 eas
669 2741 831 2815 diligenter,

250 2820 279 2874 et
298 2831 363 2887 quae
388 2813 507 2884 iaciunt,
527 2814 669 2887 quonmdo
683 2815 787 2872 'eundo
805 2821 833 2872 et

248 2887 406 2958 redeundo,
423 2885 533 2944 moestis
555 2885 678 2944 uultibus
692 2901 773 2944 more
790 2885 831 2943 ui·

251 2959 372 3016 duarum
399 2964 429 3015 et
453 2960 660 3032 orphanorum,
685 2957 831 3016 incedunt.

252 3031 356 3088 Emunt
371 3035 501 3088 aromata
515 3037 544 3087 et
560 3033 712 3088 redeuutes
730 3033 834 3113 parant

252 3117 283 3158 se
293 3101 329 3158 ad
346 3101 831 3174 iaciendumcontracorruptlonem

252 3173 499 3246 unguenta,quasi
513 3173 673 3232 nescientes
685 3173 755 3230 illud
769 3189 834 3246 pro-

254 3244 399 3318 phcticum
416 3263 425 3303 ε
439 3246 596 3307 Nouaesio
610 3247 742 3304 Suuotum
757 3250 833 3301 tuum

197 3331 198 3334 ’
252 3315 835 3390 uiuaeoorrupttonem.Undeaiorooopot-

254 3391 319 3446 lus:
335 3409 350 3443 u
370 3391 468 3461 Neque
486 3393 582 3446 tamen
607 3389 692 3446 tidem
709 3387 834 3444 debitam

252 3461 346 3517 adlruc
368 3459 523 3530 habebant,
539 3459 590 3517 sed
613 3461 639 3516 ei
662 3458 743 3532 quasi
765 3475 834 3529 puro

254 3530 362 3588 homiui
386 3537 516 3588 aromata
530 3535 558 3588 et
582 3534 726 3602 unguente
749 3544 832 3600 para·

250 3603 332 3672 bant,
351 3617 431 3659 more
445 3601 623 3670 ludaeorum,
638 3599 687 3672 qui
703 3600 772 3658 talia
785 3617 832 3658 er-

249 3673 387 3732 bibebant
402 3672 542 3730 defunctis
563 3689 601 3730 :o
623 3674 684 3730 llaec
702 3674 833 3745 Ttoopla-

249 3746 303 3804 lus.
323 3747 461 3803 Aromata
484 3744 627 3815 dicuutur,
671 3743 733 3802 uasi
757 3760 835 3802 aero

249 3821 338 3888 mata,
359 3821 426 3890 quia
445 3759 744 3888 diffundebautffonge
761 3817 833 3874 late·

249 3903 305 3960 quo
320 3889 439 3957 odorem
453 3887 485 3946 iu
503 3903 610 3958 aerem,
624 3892 653 3945 el
669 3887 836 3960 significant

247 3959 378 4030 uirtutes,
397 3976 470 4032 ques
493 3959 523 4017 ln
538 3961 753 4018 conuersatione
777 3976 836 4016 mu-

250 4029 336 4087 lieres
349 4032 512 4102 hehebaut;
525 4038 553 4088 et
572 4032 678 4089 lauram
691 4031 834 4102 crucifixi,

251 4117 316 4174 quae
330 4102 416 4175 longe
431 4103 544 4174 lateque
558 4103 747 4160 diffundenda
762 4108 834 4161 erat.

256 4177 361 4230 Devote
376 4189 445 4245 ergo
457 4173 591 4232 mulieres
605 4175 662 4232 illae
674 4179 702 4231 el
718 4179 835 4245 sancte,

253 4261 317 4318 quae
350 4245 464 4304 fueraut
488 4245 596 4309 ,viventi
622 4247 776 4315 obsecutae,
799 4252 836 4303 ut

250 4316 338 4376 etiam
351 4321 463 4374 mortuo
478 4316 585 4390 pietate
602 4317 731 4376 oiilciosa
746 4318 835 4374 lamu-

207 4405 209 4411 ’
253 4389 342 4448 latum
365 4395 484 4463 possent
510 4389 686 4462 impendere,
712 4394 835 4446 emerunt

882 825 977 880 mum;
990 827 1083 883 neque
1096 811 1172 869 euim
1196 825 1321 891 uespere
1347 802 1460 888 sapisti,

883 887 1099 956 praeoccupante
1120 883 1181 956 jam
1214 887 1314 940 noctus
1338 877 1460 944 arlrculo,

882 954 962 1012 adire
979 959 1131 1013 voluerunt
1145 957 1380 1013 monumentum.
1393 949 1463 1006 Gou-

883 1024 960 1098 spice
976 1042 1051 1084 nuuc
1067 1027 1209 1098 quomodo
1232 1021 1363 1084 ssdeliter
1377 1025 1405 1078 et
1418 1018 1462 1076 de·

883 1102 959 1168 rote,
978 1113 1042 1156 aum
1057 1097 1191 1172 lacrymis
1205 1103 1236 1156 et
1251 1093 1396 1168 suspiriis,
1416 1105 1463 1163 pro

883 1167 1384 1239 Domiuosuolaboreut,secundum
1393 1160 1462 1236 quod

884 1240 986 1298 melius
1004 1243 1108 1299 sciunt.
1124 1243 1156 1298 El
1170 1241 1200 1297 iu
1222 1237 1390 1314 hujusmodi
1403 1249 1463 1306 ope·
1534 1261 1535 1272 ι

884 1311 963 1370 ribus
985 1327 1037 1386 per
1061 1318 1150 1371 totam
1176 1319 1295 1370 noctem
1322 1310 1462 1389 laborave-

884 1389 961 1454 runt,
976 1389 1004 1440 et
1022 1384 1092 1442 nihil
1108 1384 1153 1441 uel
1170 1399 1276 1457 parum
1298 1381 1402 1454 quietis
1417 1377 1462 1456 ¹¹³:

884 1455 1016 1513 buerunt.
1040 1457 1160 1514 [lomina
1184 1471 1254 1514 vero
1284 1461 1315 1511 et
1342 1446 1462 1530 Apostoll

886 1526 1070 1599 aspicientes
1085 1529 1156 1584 lorte
1169 1523 1355 1599 adjuvantia
1368 1521 1464 1594 qulbus

885 1604 1013 1672 possunt.
1035 1601 1146 1672 Aoljuva
1166 1603 1195 1656 et
1211 1606 1242 1656 tu
1268 1613 1331 1668 eas,
1355 1593 1379 1652 si
1404 1605 1463 1664 per·

886 1672 1019 1741 mittaris,
1036 1677 1170 1744 etpoles.
1252 1675 1256 1683 '

922 1746 938 1799 5
960 1743 1019 1810 Quo
1039 1759 1123 1800 seusu
1144 1757 1308 1800 acarasseon
1337 1749 1465 1818 ramnum

887 1815 987 1870 Deuuu
1015 1831 1180 1873 sarunruns.
1203 1841 1235 1865 ,-
1265 1810 1350 1869 Venit
1374 1810 1416 1864 lua
1439 1819 1463 1886 pu

887 1885 1146 1944 considerationem
1162 1883 1231 1957 quid
1251 1883 1357 1940 iecerit
1376 1881 1464 1934 [lomi-

889 1973 942 2014 nus
969 1958 997 2013 in
1015 1957 1109 2015 triduo
1137 1955 1239 2014 mortis
1269 1970 1342 2012 suas.
1368 1953 1466 2028 corpus

888 2028 1005 2101 quidem
1024 2031 1087 2102 ejus
1103 2028 1158 2086 luit
1173 2029 1202 2084 iu
1223 2025 1464 2106 sepulchro3eu1·

888 2116 935 2157 ma
948 2117 1016 2158 vero
1031 2117 1096 2158 cum
1109 2097 1215 2157 sanclis
1224 2097 1363 2156 Patribus
1372 2109 1401 2149 nr
1411 2091 1463 2146 lrm·

887 2173 940 2241 ho;
955 2177 983 2228 et
992 2172 1085 2230 deitas
1099 2171 1210 2244 utrique
1223 2171 1390 2242 coniuncta.
1401 2165 1462 2245 Nam

888 2243 954 2372 puis
965 2243 1058 2314 passio
1071 2260 1127 2300 non
1140 2244 1302 2371 attingebat
1315 2240 1345 2296 iu
1361 2237 1462 2315 Christo

908 2315 1012 2372 iviuam
1033 2323 1162 2372 naturam
1177 2331 1206 2370 sc
1242 2315 1401 2391 humanam
1408 2324 1416 2378 ς
1429 2302 1464 2384 ιά-

889 2403 922 2444 ao
937 2386 967 2442 in
984 2393 1075 2444 morte
1095 2386 1199 2445 Christi
1214 2385 1291 2443 iacta
1311 2387 1354 2440 est
1368 2395 1408 2437 sle
1421 2377 1462 2432 dl-

889 2457 959 2514 visio
975 2458 1078 2516 animae
1092 2475 1109 2516 a
1122 2473 1219 2526 carue,
1232 2463 1265 2516 ut
1280 2461 1378 2513 tamen
1393 2448 1463 2532 salta

889 2535 964 2587 esset
984 2529 1053 2588 uuio
1069 2536 1127 2588 tam
1141 2529 1235 2586 caruis
1256 2542 1346 2602 quam
1368 2533 1462 2580 aululae

889 2617 953 2658 cum
966 2601 1124 2660 divinitate.
1140 2601 1260 2658 Utenim
1271 2600 1313 2658 ait
1323 2601 1375 2655 Leo
1385 2595 1462 2672 Papo,

889 2673 981 2730 forma
1005 2673 1089 2743 servi,
1110 2679 1138 2730 et
1163 2673 1258 2731 iorme
1276 2669 1340 2740 Dei,
1358 2681 1418 2740 quae
1439 2675 1462 2716 ln

889 2743 1026 2801 unitatem
1051 2748 1253 2806 conuenerunt.
1280 2758 1335 2800 nec
1358 2748 1461 2810 separa-

889 2816 997 2872 tionem
1022 2821 1139 2888 possuut
1162 2814 1282 2886 habere,
1299 2829 1353 2871 uec
1372 2809 1463 2885 [iuerat

890 2888 957 2945 dum
973 2888 1012 2944 ila
1030 2887 1144 2945 sibimel
1162 2887 1354 2953 inhaeserunt,
1369 2885 1400 2940 ut
1414 2887 1464 2956 sut

890 2959 920 3016 in
936 2959 1153 3030 omnipotentia,
1167 2958 1226 3017 sive
1240 2957 1271 3014 iu
1288 2949 1463 3015 centumalo,

891 3046 944 3088 uec
960 3030 1056 3088 divina
1074 3030 1104 3088 iu
1119 3033 1229 3089 Christo
1244 3035 1364 3087 careant
1378 3027 1465 3101 nulnu-

891 3102 946 3171 nis,
955 3118 1007 3159 uec
1019 3104 1145 3160 humana
1155 3101 1270 3160 diviniso
1284 3093 1464 3174 runcuonu

891 3175 999 3246 pletum
1014 3179 1057 3231 cst
1081 3174 1157 3246 quod
1177 3175 1212 3232 de
1227 3171 1381 3243 semetipso
1395 3166 1462 3250 unse·-

891 3250 937 3302 rat
948 3263 954 3302 :
966 3248 1043 3304 Sicut
1053 3248 1110 3314 suit
1120 3249 1205 3304 Jonas
1215 3248 1246 3302 ia
1256 3249 1352 3302 uentre
1362 3242 1411 3321 oetp
1422 3241 1464 3313 tro·

892 3305 1462 3386 lmdoeoeseoonomnoclrouspieonlis·

892 3391 947 3445 ltus
959 3391 1077 3446 hominis
1087 3395 1117 3446 tn
1127 3391 1207 3448 eorde
1219 3395 1309 3446 terrea.
1324 3379 1462 3456 sepultura

891 3461 967 3516 euim
979 3460 1081 3517 Christi
1089 3460 1232 3532 triduana,
1240 3459 1269 3517 in
1277 3456 1416 3529 Propheta
1424 3449 1463 3502 lt·

892 3546 939 3600 na,
956 3531 1004 3603 qui
1018 3533 1113 3590 triduo
1127 3532 1179 3590 luit
1193 3532 1223 3589 iu
1237 3539 1312 3601 ceto,
1329 3529 1389 3586 aret
1421 3531 1463 3573 ιω·

891 3601 1024 3684 figurata.
1059 3606 1117 3661 Hoc
1142 3609 1237 3662 autem
1267 3603 1303 3660 de
1332 3613 1380 3669 sep
1411 3597 1465 3646 lure

891 3675 1009 3744 Chrlsti,
1029 3676 1187 3734 secuudum
1211 3673 1466 3745 emortiusque·

891 3744 1054 3819 cipiendum
1077 3751 1120 3804 est
1139 3746 1354 3819 synecdochice,
1370 3731 1466 3810 scillcet

891 3817 1059 3890 accipiendo
1087 3823 1201 3891 partem
1229 3834 1282 3891 pre
1315 3819 1384 3872 toto.
1412 3803 1466 3862 Fuli

891 3888 968 3946 euim
984 3889 1122 3948 Dominus
1138 3893 1166 3946 iu
1181 3889 1348 3963 sepulchro:
1364 3893 1413 3954 per
1427 3887 1466 3929 ex·

891 3966 1014 4018 tremam
1029 3955 1465 4035 partemparaseeuas,pertl1¹³ffl

891 4037 952 4090 tota
962 4032 1024 4090 dies
1038 4049 1103 4090 cum
1118 4049 1171 4090 sua
1187 4039 1268 4090 nocte
1282 4033 1341 4103 jam
1356 4024 1462 4098 praeler-

890 4103 931 4162 ita
951 4103 1108 4176 accipitur;
1132 4110 1159 4161 et
1179 4119 1230 4177 per
1250 4111 1339 4161 lotum
1365 4091 1462 4152 sabba·

890 4179 963 4246 tum,
978 4175 1054 4247 quod
1069 4174 1212 4247 integram
1228 4175 1303 4232 diem
1317 4176 1345 4230 et
1360 4170 1461 4224 uestem

891 4246 1088 4320 complectitur
1102 4253 1148 4316 ;el
1159 4264 1211 4320 per
1224 4246 1345 4320 primam
1359 4240 1459 4312 pellem

892 4319 948 4376 diei
974 4317 1141 4388 Dominicae,
1157 4317 1267 4376 scilicet
1289 4309 1459 4390 pernoctem

891 4393 1058 4462 sequentem
1073 4391 1236 4462 sabbatum,
1254 4405 1303 4462 per
1314 4395 1397 4460 quam
1408 4375 1459 4432 tota
