3104 5034
589 373 632 427 DII
660 371 776 430 lllltr
802 377 954 433 tueleta.
1343 375 1391 431 295

179 475 288 537 osueris
303 494 374 552 quos
390 478 514 538 obvolvit
538 478 622 538 funus
645 481 742 540 seculi.

157 491 233 618 guid
246 566 324 622 ergo,
340 567 449 625 quaeso,
464 551 591 624 proderit
604 554 685 611 nobis
696 561 744 612 tua

159 621 225 678 lelix
240 627 268 678 et
291 621 414 694 gloriosa
439 623 583 694 exaltatio,
608 629 636 680 et
658 641 743 696 quam

160 693 226 750 inde
248 694 398 764 habemus,
424 693 512 751 dulcis
535 702 563 752 ct
588 696 743 756 affectuosa

159 764 335 822 exsultatio?
353 770 386 824 m
399 781 467 837 ergo
480 765 581 822 Filium
596 774 676 824 tuum
693 777 742 826 to-

159 837 215 892 llus
234 837 331 918 mupdi
359 840 545 908 salvatorem,
570 845 598 896 et
628 845 657 896 te
681 840 741 912 ejus

157 909 412 989 reconciliatricem
434 910 575 966 veraciter
590 925 655 968 esse
675 927 740 967 sen·

159 985 280 1061 tremum
307 995 340 1038 eo
365 997 417 1039 nos
442 981 620 1053 propensiori
646 982 740 1040 studio

155 1065 234 1178 ssuvo,
248 1067 406 1124 precamur,
417 1061 451 1110 'et
463 1054 536 1121 love,
550 1070 606 1125 quo
621 1055 648 1109 in
663 1054 739 1111 laeci-

178 1138 212 1178 us
228 1125 323 1180 utuudi
339 1137 421 1182 natos
436 1133 464 1180 et
479 1123 563 1181 alitos
582 1124 685 1196 potiori
697 1127 738 1183 le·

158 1196 270 1276 vamina
285 1196 421 1268 perspicis
438 1195 632 1268 indigeretis
656 1196 737 1254 initio

157 1264 738 1338 deniquerenovatiouishumanae‚omni·

159 1336 212 1392 hns
228 1339 280 1396 sub
296 1345 375 1397 tuum
387 1338 553 1413 praesidium
569 1341 738 1414 confugien-

797 482 872 541 tibus
887 483 1033 554 hucusque
1053 481 1229 548 succurristi.
1247 489 1277 542 et
1298 483 1384 542 idcic-

797 572 830 612 co
841 571 900 627 pcae
915 555 992 612 omni
1007 560 1139 612 creatura
1151 553 1229 612 omni
1244 556 1327 613 laude
1339 555 1379 612 ci-

796 627 934 699 gnissima
950 627 1004 684 dici
1034 633 1140 684 elassa
1165 627 1303 686 meruisti.
1331 627 1381 686 Eia

797 715 930 756 succurre
954 697 1049 766 nobis,
1074 703 1102 756 et
1117 714 1232 756 oramus
1250 705 1282 756 ut
1305 699 1379 769 laus,

799 785 883 842 quem
900 786 952 852 per
963 777 1006 828 tot
1021 770 1117 827 secula
1129 769 1307 842 possedistis,
1318 787 1386 828 con·

796 847 877 898 lruua
892 842 943 898 lrbi
960 843 1045 898 clucet
1060 841 1091 898 in
1108 842 1201 912 grette
1228 846 1298 914 ipsa,
1327 858 1384 914 qua

796 913 900 970 mundo
909 912 1073 971 subvenisti.
1085 911 1146 970 Tibi
1160 915 1376 984 ergu,I)omina,

795 989 983 1057 nosmetipsos
997 986 1250 1054 commendamus;
1267 993 1296 1042 tu
1309 1001 1375 1057 pro-

795 1073 863 1114 cura
884 1073 920 1112 ne
944 1072 1104 1129 percamus.
1123 1056 1209 1112 Ellicc
1232 1056 1323 1126 potius
1347 1060 1379 1112 ut

795 1128 869 1186 salus
883 1135 981 1185 nostro
995 1131 1030 1184 ce
1044 1127 1090 1184 clia
1104 1126 1133 1184 in
1145 1127 1222 1184 diem
1239 1127 1376 1190 multipli-

795 1205 882 1265 cetur,
893 1206 919 1255 ot
935 1200 1004 1258 Filio
1018 1205 1066 1256 tuo
1080 1198 1201 1256 Domino
1215 1202 1285 1257 lesu
1298 1200 1379 1256 Chri·

795 1275 849 1338 sto,
864 1271 922 1328 vita
936 1276 1036 1328 nostra
1045 1271 1106 1344 jngi
1122 1269 1273 1328 devotione
1288 1271 1378 1328 lamu-

796 1342 892 1400 letur:
912 1363 926 1392 u
944 1344 1006 1400 haee
1020 1345 1177 1400 Ansetmus.

699 1559 828 1618 ORATIO

196 1749 269 1805 Dens
284 1747 367 1804 dator
379 1746 485 1820 gaudii,
501 1745 619 1819 largitor
629 1747 733 1808 solatii,
746 1747 838 1805 luctus
852 1745 1003 1818 relevator,
1017 1745 1150 1804 moeroris
1164 1747 1316 1821 effugator,
1336 1748 1384 1820 qni

160 1819 271 1876 beatam
286 1818 426 1892 virgluem
443 1819 572 1887 Mariam,
596 1821 715 1876 Matrem
739 1825 829 1888 tuam,
850 1819 1007 1890 majestatis
1027 1819 1184 1892 speculum,
1208 1821 1382 1888 Angelorum

159 1892 300 1960 solatium,
316 1897 371 1948 tuae
389 1889 520 1948 bonilatis¹
535 1890 697 1960 imaginem,
716 1899 819 1948 noslrae
835 1891 935 1946 salutis
947 1890 1099 1974 origiuem
1116 1891 1264 1964 multiplici
1276 1892 1379 1964 gaudio

158 1962 188 2020 in
202 1967 285 2020 torris
297 1969 326 2020 et
342 1962 371 2020 in
385 1963 464 2020 coelis
480 1962 628 2018 laetillcasti
650 1980 657 2018 :
678 1963 801 2020 concede
818 1961 898 2028 mihi,
919 1963 1037 2034 suppuci
1054 1977 1112 2032 tue,
1128 1969 1158 2019 ut
1175 1964 1243 2036 qnid
1260 1964 1297 2020 ad
1313 1979 1377 2020 eam

158 2035 238 2108 quasi
254 2035 291 2092 ad
309 2035 415 2091 iontem
431 2033 528 2106 gaudii
544 2033 574 2089 in
598 2033 744 2108 dolorIqus
765 2035 836 2090 meis
860 2034 1032 2092 fiducialiter
1059 2049 1205 2092 recurrere
1222 2051 1375 2118 praesumo,

159 2107 266 2164 saluam
288 2107 374 2179 ipsius
390 2105 497 2162 meritis
512 2110 540 2162 et
553 2105 759 2162 intercessione
774 2107 922 2178 presentis
943 2115 973 2162 et
990 2105 1116 2178 perpetui
1132 2107 1229 2177 gaudii
1245 2107 1379 2163 ellectum

157 2177 273 2250 sentire,
291 2184 319 2234 et
334 2181 368 2234 acl
383 2177 453 2234 illud
468 2177 611 2236 inellabile
626 2180 772 2250 gaudium,
792 2193 848 2250 quo
862 2185 1007 2251 assumpta
1022 2183 1116 2236 tecum
1132 2179 1237 2248 gaudet
1253 2178 1283 2234 in
1302 2177 1380 2234 coelis

159 2249 267 2307 leoliter
281 2251 440 2323 pervenire.
457 2249 558 2306 Amen.

530 2595 712 2672 CAPUT
763 2599 1008 2674 LXXXVII

624 2845 662 2890 n!
675 2845 775 2892 rtrum
787 2845 915 2891 tunlclo.

197 3073 207 3108 1
234 3051 343 3108 Fructus
367 3065 462 3108 snnrcu
477 3065 693 3106 crecuusrtsrre
713 3065 742 3104 us

158 3139 301 3180 causeum.
317 3150 351 3164 -
367 3125 433 3180 Post
447 3121 594 3194 praedicla,
608 3135 670 3191 quae
682 3120 742 3191 jam

158 3195 298 3266 complere
312 3200 388 3262 sunt,
409 3199 498 3250 restat
510 3199 540 3250 ut
552 3193 588 3248 de
601 3191 680 3247 finali
696 3194 739 3260 jn-

158 3265 242 3332 dicio,
256 3271 285 3322 et
303 3266 339 3322 cle
353 3265 520 3336 quibusdam
536 3265 600 3321 eliis
615 3262 742 3319 nondum

159 3337 292 3408 impletis,
326 3337 433 3408 aliquid
460 3337 615 3394 videamus.
646 3333 742 3390 Finale

158 3409 254 3480 itaque
266 3407 407 3480 judicium
423 3409 554 3481 quaedam
574 3411 639 3464 sunt
661 3412 741 3487 ante-

159 3481 297 3548 cedentia,
322 3480 427 3537 scillcet
444 3497 451 3538 τ
470 3495 554 3553 prena
573 3477 741 3552 purgatorii,

159 3552 290 3609 Eccleslae
303 3552 449 3625 sullragla,
462 3557 491 3610 et
505 3551 670 3608 Antichristi
681 3565 742 3630 per·

159 3623 280 3694 secuti03
294 3625 423 3696 quaedam
435 3629 502 3680 sunt
512 3621 741 3689 concomitantia,

159 3695 265 3752 scilicet
281 3715 289 3752 :
304 3695 488 3768 conllagratio
504 3693 613 3762 mundi,
629 3701 657 3750 et
674 3707 742 3748 cor-

159 3783 259 3840 porum
274 3767 445 3826 resurrectio
459 3785 466 3836 ;
482 3771 511 3824 et
525 3765 657 3838 quaedam
677 3767 743 3844 suunt

160 3840 318 3912 sequentia,
339 3840 447 3896 scilicet
462 3857 469 3896 :
487 3854 568 3911 poena
584 3834 741 3904 inlernalrs‚

160 3919 188 3968 et
202 3911 293 3984 gloria
308 3911 441 3975 coelestis.

196 4005 210 4041 o
242 3985 409 4043 Pununronn
434 4000 519 4042 scene
544 3999 577 4040 er
607 3983 744 4040 Eccnesrn

161 4073 353 4114 sussmc1I.-
368 4060 407 4114 llo
418 4055 579 4129 purgatorio
587 4054 743 4124 sciendum,

159 4129 236 4257 guod
261 4129 290 4185 iu
314 4144 348 4186 eo
376 4129 479 4200 duplex
501 4132 745 4208 poenaest12una

178 4201 266 4269 amni,
282 4199 318 4256 de
339 4200 465 4257 carentia
488 4199 592 4256 divinae
608 4197 743 4266 visrouis;

159 4272 216 4328 elia
232 4287 345 4335 seusus,
362 4273 396 4328 cle
409 4271 563 4329 allllctione
576 4269 680 4328 caloris
694 4277 744 4326 aut

161 4342 284 4416 ingeris,
301 4343 345 4400 vel
365 4359 456 4415 poenae
471 4345 591 4402 alterius
602 4341 745 4416 generisc

796 3053 824 3104 et
838 3053 975 3120 quantum
989 3049 1025 3106 ad
1037 3053 1201 3122 utrumque,
1212 3048 1308 3108 minor
1322 3067 1380 3124 pce

795 3136 832 3176 na
846 3121 1013 3193 purgatorii,
1029 3123 1121 3193 major
1135 3127 1177 3180 est
1192 3139 1278 3194 quam
1294 3123 1379 3180 mexi-

796 3207 842 3248 ma
854 3207 939 3263 poena
949 3193 1034 3264 huius
1045 3193 1153 3250 mundi.
1170 3194 1248 3250 Unde
1262 3196 1303 3250 ait
1315 3197 1380 3250 Ber-

794 3265 900 3319 ourduc
912 3283 920 3319 :
930 3267 1012 3321 «Sola
1022 3264 1082 3321 dies
1095 3265 1252 3336 purgatorIi
1266 3272 1381 3336 superat

794 3335 942 3408 passiones
957 3338 1134 3393 Sanctorum.
1152 3355 1166 3390 u
1182 3335 1263 3392 Ratio
1284 3343 1379 3394 autem

795 3409 958 3464 aeternitatis
968 3423 1059 3480 poeuae
1072 3407 1231 3480 purgatorii
1246 3413 1288 3464 cst
1302 3407 1375 3464 isla:

796 3478 873 3550 qula,
888 3495 950 3536 cum
967 3481 1041 3536 Deus
1065 3480 1128 3552 plus
1157 3485 1265 3551 quaerat
1289 3495 1384 3536 emen·

795 3551 873 3620 dam,
890 3567 975 3622 quam
1000 3567 1123 3623 poenam,
1150 3552 1215 3623 plus
1238 3551 1379 3622 ponderat

795 3622 824 3679 in
839 3623 1009 3704 poenitentIa
1026 3623 1161 3678 virtutem
1178 3624 1259 3678 bonae
1275 3621 1380 3678 volun-

795 3699 871 3760 tatis,
888 3710 974 3766 quam
989 3710 1104 3766 poenam
1115 3693 1291 3762 alllietiouis3
1303 3694 1379 3752 unde

795 3767 858 3838 plus
873 3767 1094 3837 ponderatlteus
1108 3765 1248 3822 modicam
1266 3781 1380 3837 poenam

797 3837 986 3894 voluntariam
1001 3835 1030 3892 in
1066 3839 1189 3898 raesenti.
1206 3853 1292 3908 quam
1306 3838 1379 3894 mul·

796 3915 855 3965 tam
870 3925 928 3964 non
957 3911 996 3964 lta
1014 3852 1202 3966 loquuturum
1224 3907 1253 3965 iu
1273 3909 1378 3979 futuro,

797 3980 869 4036 sicut
881 3980 944 4051 plus
960 3980 1033 4036 valet
1048 3979 1190 4037 modicum
1205 3981 1276 4044 auri,
1294 3997 1379 4052 quam

798 4052 917 4108 multum
942 4051 1060 4122 plumbi,
1073 4053 1162 4114 Unde.
1173 4054 1254 4125 jmte
1267 4054 1381 4121 Arous-

798 4127 896 4192 ttnum,
912 4140 968 4181 una
986 4129 1067 4196 gutta
1082 4140 1163 4196 aque
1180 4131 1379 4196 lacrymarum,

798 4200 907 4252 tontum
925 4196 991 4253 lacit
1005 4195 1051 4252 liic
1065 4212 1116 4268 pro
1134 4197 1265 4264 emenda,
1285 4209 1382 4265 quan-

799 4271 860 4323 tum
876 4267 983 4325 laciuut
1000 4269 1099 4325 decem
1114 4266 1180 4324 enni
1196 4267 1224 4322 iu
1240 4271 1381 4338 purgato-

802 4339 853 4396 rio.
870 4342 904 4397 Et
918 4346 1040 4414 oportet,
1055 4345 1085 4397 ut
1102 4338 1178 4414 quod
1195 4336 1232 4396 ibi
1245 4336 1342 4395 delicit
1354 4335 1383 4396 in
