3104 5034
571 412 607 464 DE
641 413 861 466 Pentecoste.
1290 411 1337 461 26⁹

98 528 197 593 Patre,
214 521 336 580 mittitur
351 523 380 574 et
398 516 516 585 aFilio;
534 515 689 588 procedite

97 598 188 652 Putre
202 597 230 664 et
245 610 261 650 a
281 591 361 656 l'ilio,
374 589 442 662 utria
456 589 516 656 rjus
534 587 632 644 missio
647 592 689 644 est

97 668 163 739 ipss
174 666 330 738 processio,
342 679 397 732 qur
412 677 444 716 ex
462 663 545 716 Patre
561 659 689 730 procedit

98 745 178 796 etex
194 736 275 794 Filio.
291 736 376 790 Venit
390 740 418 788 et
433 748 485 787 sua
499 736 610 802 sponte,
625 729 691 802 quia

98 811 175 866 sicut
190 804 342 880 coequalis
355 811 399 861 est
416 805 489 859 Patri
509 807 537 859 et
556 801 635 870 Filio,
651 800 692 857 sic

99 883 235 939 eamdem
260 879 346 934 babet
371 876 541 932 voluntatem
564 889 691 930 commu·

98 969 169 1010 nem
184 968 249 1008 cum
263 952 382 1006 Petreet
394 946 463 1003 Filio
479 963 486 1001 :
503 967 515 997 n
531 947 591 1002 brec
604 946 688 1002 licdc.

100 1039 265 1090 Πιντηκοστη
281 1029 484 1099 interpretatur
502 1021 690 1096 quinquagin-

104 1109 144 1174 ιε,
165 1111 193 1162 et
212 1109 256 1161 est
277 1101 406 1157 Graecum
425 1098 604 1164 vocabulum,
619 1099 692 1151 sicut

102 1184 263 1256 stupescenti,
278 1171 446 1250 umori-pol,
459 1176 605 1235 etcludaei
615 1175 689 1232 ellim

103 1255 224 1314 admixti
246 1251 361 1320 Grecis,
378 1252 424 1322 qui
448 1252 522 1309 inter
546 1265 595 1305 eos
617 1246 691 1303 sicut

103 1325 344 1386 ceteraenationes
353 1323 605 1388 conversabantur,
617 1320 692 1374 Grae·

104 1400 146 1456 cis
168 1401 268 1456 crebro
289 1395 434 1452 vocabulis
462 1394 625 1449 utebantur.
643 1392 691 1446 Est

103 1475 201 1529 autem
210 1472 373 1527 Pentecoste
381 1463 599 1539 equivocumad
608 1461 691 1534 quin·

103 1557 279 1616 quagenam,
295 1540 395 1609 eteius
414 1535 622 1595 solemnitatem
646 1549 690 1588 sc-

103 1621 183 1688 ptem
204 1613 304 1670 diebus
324 1613 504 1682 protelatam.
525 1606 590 1663 Tria
615 1604 691 1660 euim

103 1691 189 1743 erant
207 1687 276 1741 testa
298 1681 398 1739 diebus
424 1687 532 1754 septem
546 1675 690 1744 durantia,

104 1757 237 1814 scilicet:
254 1757 371 1822 Pascha,
393 1755 570 1818 Pentecoste,
582 1754 611 1805 et
627 1750 689 1805 Sce-

103 1827 238 1900 noprgia.
259 1830 294 1884 Et
317 1842 378 1882 cum
405 1827 604 1896 complerentur
633 1821 691 1875 dies

104 1903 283 1958 Pentecosten
296 1896 325 1952 id
335 1896 595 1968 estquinquagenae
611 1894 691 1947 alte-

105 1970 294 2038 surrectione,
303 1974 332 2025 et
341 1963 612 2024 inchoarenturdies
624 1965 692 2018 Pcn·

104 2047 240 2110 tecostes,
255 2040 284 2096 id
299 2045 342 2096 est
352 2037 429 2096 illius
446 2035 634 2096 solemnitatis
648 2050 691 2090 se-

105 2123 184 2187 ptem
201 2114 302 2170 diebus
318 2112 590 2178 protelandae,eront
602 2121 692 2163 omncs

104 2189 214 2258 pariter
230 2187 259 2240 in
277 2183 367 2238 eodem
383 2185 449 2252 loco,
465 2181 572 2238 scilicet
587 2179 615 2235 in
635 2194 691 2234 coc·

106 2259 210 2314 naculo
233 2254 337 2312 montis
358 2254 437 2320 Sion,
452 2252 500 2310 ubi
522 2267 603 2308 coena
619 2250 692 2305 triola

106 2330 212 2397 fuerat,
227 2325 357 2398 discipuli
376 2326 435 2381 lere
459 2329 572 2382 centum
593 2319 691 2393 viginti

106 2399 256 2470 utriusque
265 2415 346 2454 scius
360 2395 535 2468 congregati,
549 2394 576 2450 in
589 2394 692 2449 oratiu-

108 2489 146 2528 nc
170 2476 394 2542 perseverantes,
420 2476 447 2524 et
476 2464 691 2537 promissionem

108 2542 205 2600 Sancti
220 2541 340 2668 Spiritus
356 2543 561 2611 exspectantes.
579 2535 691 2592 Duode-

106 2614 207 2672 narius
218 2613 237 2669 il
251 2631 266 2670 e
278 2611 475 2684 Apostolorum
488 2625 623 2666 numerus
634 2609 692 2678 jam

108 2692 172 2742 erat
188 2685 363 2757 decuplatus.
382 2687 417 2739 Et
434 2683 505 2738 liora
522 2679 578 2736 diei
598 2678 692 2746 tertie,

107 2761 202 2826 sactus
225 2765 264 2812 est
279 2759 389 2827 repente
413 2755 446 2809 de
464 2755 538 2820 colo,
557 2751 585 2807 id
601 2757 644 2806 est
658 2750 694 2805 de

108 2845 186 2890 sere.
203 2844 293 2888 sonus.
313 2827 381 2899 quia
399 2825 496 2898 tragor
516 2821 632 2894 quidam
653 2821 694 2877 in-

108 2899 215 2968 sonuit,
230 2905 371 2969 tamquam
381 2899 552 2952 aduenientis
565 2897 618 2964 spis
627 2895 692 2960 itus,

109 2971 138 3027 id
155 2977 197 3028 est
207 2973 290 3028 llatus
300 2973 463 3025 aelementis
476 2973 527 3024 :ut
537 2974 693 3035 tamquam,

111 3042 148 3100 sit
165 3053 231 3099 nota
243 3040 448 3108 similitudinis,
461 3056 493 3095 nc
506 3038 529 3094 si
541 3037 694 3102 diceretur,

112 3113 190 3171 venit
216 3112 336 3186 Spiritus
356 3111 386 3168 in
406 3109 593 3168 similitudine
618 3109 692 3162 venti

113 3185 308 3250 venementis;
329 3184 384 3252 vel,
407 3187 553 3253 tamquam
573 3177 695 3249 Spiritus

112 3256 209 3315 Sancti
225 3253 410 3322 vehementis,
433 3258 463 3309 ut
487 3257 643 3323 tamquam.
660 3249 696 3304 sit

113 3327 306 3402 expressivum
321 3325 459 3394 ueritatis,
475 3323 543 3452 Ἦιίε
558 3319 692 3392 rercSpi-

112 3399 184 3457 ritus
199 3401 317 3456 Sanctus
332 3396 436 3454 dicitur
450 3413 484 3452 ve
506 3409 615 3460 emens,
630 3408 697 3463 qua-

113 3474 135 3528 si
160 3472 266 3528 rebens
282 3485 333 3527 nos
348 3486 365 3525 a
384 3474 489 3534 mente,
507 3475 536 3524 et
559 3482 577 3522 a
594 3463 698 3522 mentis

113 3542 263 3600 aflectibus
279 3541 418 3608 alienans,
431 3538 486 3610 rel,
503 3537 584 3611 quasi
598 3553 640 3593 vce
651 3535 697 3592 acl·

114 3615 217 3684 imens‚
233 3613 262 3670 id
277 3618 319 3671 est
334 3616 471 3669 eternam
486 3607 696 3666 damnationem
751 3604 769 3668 Ρ

114 3687 257 3743 auterens.
277 3689 448 3754 Potestergo
462 3682 497 3737 ad
511 3694 611 3736 sonum
623 3677 697 3734 etad

114 3756 251 3830 Spiritum
266 3759 400 3814 Sanctum
422 3749 534 3820 reterri,
550 3749 625 3823 quod
649 3748 698 3805 di-

114 3835 189 3886 ctum
205 3834 256 3894 cst,
273 3834 414 3898 tamquam
429 3824 600 3880 advenientis
613 3823 699 3892 spiri-

114 3891 699 3970 tesceliemenlis,quiaaequivocumcstad

114 3978 275 4042 utrumque.
293 3971 377 4027 Venit
397 3969 517 4041 Spiritus
537 3967 656 4022 Sanctus
672 3965 698 4018 in

114 4058 196 4110 sono,
209 4045 244 4100 ad
256 4042 420 4099 terrendum
433 4039 564 4106 rebelles,
576 4043 604 4092 et
614 4034 642 4090 iu
654 4035 700 4090 lle·

114 4120 155 4183 tu,
169 4113 215 4184 qui
227 4117 262 4172 ab
276 4111 403 4170 interiori
414 4108 551 4184 procedit.
561 4109 597 4164 ad
610 4105 699 4162 vicili-

114 4187 234 4244 candum
249 4189 414 4242 devotorum
433 4183 562 4240 allectus.
573 4183 608 4236 Et
617 4179 701 4249 reple·

113 4261 166 4324 uit,
177 4274 263 4316 sonus
273 4257 321 4314 ille
334 4257 376 4312 vel
390 4253 510 4326 Spiritus
521 4254 652 4325 Sanctus,
664 4255 701 4304 to·

115 4335 172 4387 tam
187 4333 297 4386 domum
312 4327 362 4384 ubi
378 4332 456 4383 erum
470 4327 601 4388 sedentes,
618 4321 702 4378 idest

115 4419 214 4460 omnes
235 4401 263 4458 in
283 4401 368 4460 domo
392 4398 534 4466 sedentes,
552 4393 702 4465 implentes

746 512 1333 588 quoddictumtiieralsiseboninozsede-

746 593 771 643 te
790 591 820 642 in
838 591 959 653 ciuitate,
977 585 1154 658 quoadusque
1173 587 1331 642 induemini

745 662 847 714 uirtute
857 675 890 714 es
901 661 967 714 olto.
979 660 1042 712 llaec
1053 653 1128 712 euim
1138 655 1212 714 dona
1223 674 1278 714 non
1290 657 1330 714 ni·

744 730 767 785 si
790 730 819 785 iu
838 745 926 786 unum
947 726 1126 801 congregatis
1143 743 1194 798 per
1209 745 1327 786 consen-

745 817 819 865 sum,
835 807 863 858 et
878 804 914 858 all
934 799 1082 874 superiora
1103 799 1257 856 sublevatis
1280 817 1329 872 per
1379 843 1383 852 .

745 873 930 940 desiderium,
947 871 1043 927 venire
1058 874 1220 941 potuerunt.

782 965 795 1000 ε
814 945 870 1001 Con
885 961 934 1000 sun
947 960 1037 999 seeum
1048 957 1154 997 niseus
1170 958 1265 998 {enirn
1283 961 1329 1000 ns·

746 1031 890 1072 sceunsmr
900 1017 1023 1072 Snmrus
1033 1011 1215 1069 Smcrusl-
1229 1015 1261 1070 Et
1276 1014 1330 1070 lin·

746 1099 809 1158 guas
822 1087 920 1144 divisae
933 1091 1000 1142 sunt
1014 1084 1092 1141 velut
1107 1083 1192 1155 ignis,
1207 1089 1233 1140 et
1244 1101 1330 1156 oppo-

746 1164 860 1214 suerunt
884 1161 943 1213 illis
971 1158 1123 1228 dispertita
1141 1157 1242 1222 linqua
1260 1162 1330 1213 tum-

746 1247 829 1357 quom
843 1233 929 1300 ipris,
945 1229 974 1285 id
989 1225 1111 1284 estradii
1130 1227 1207 1298 ignei
1223 1229 1251 1283 in
1267 1243 1328 1286 mo-

767 1319 812 1358 um
830 1301 991 1374 linguarum
1010 1298 1169 1355 insidentes
1192 1298 1332 1370 capitibus

746 1373 922 1444 singulorum
938 1390 945 1442 ;
963 1372 1088 1442 seditque
1101 1387 1187 1441 supro
1205 1373 1330 1438 sinpulos

745 1461 846 1500 eorum.
858 1447 946 1512 Bene,
960 1449 991 1499 ut
1002 1441 1042 1498 ait
1055 1440 1249 1509 arepennem
1264 1441 1330 1514 igne

746 1515 868 1588 Spiritus
883 1513 1025 1586 apparuit,
1046 1515 1112 1584 quia
1127 1513 1162 1568 ab
1175 1511 1252 1568 omni
1266 1528 1328 1569 coc-

746 1587 781 1644 de
796 1587 871 1657 quod
886 1586 985 1658 replet,
1000 1589 1144 1653 torporem
1160 1582 1272 1653 trigoris
1284 1599 1329 1640 ex-

747 1659 824 1720 cutit.
842 1664 870 1714 et
889 1659 942 1713 lioc
963 1657 992 1712 iu
1008 1653 1150 1712 desiderio
1164 1671 1223 1711 sum
1244 1659 1329 1711 mter-

748 1729 845 1787 nilatis
868 1729 1007 1786 accendit.
1033 1726 1112 1784 Unde
1126 1731 1155 1783 et
1176 1726 1330 1792 Oriqcnes:

748 1821 761 1854 u
778 1806 849 1858 Deus
876 1807 973 1857 noster
1000 1802 1074 1867 ipris
1100 1813 1258 1854 consumens
1278 1803 1328 1862 est,

746 1872 882 1944 quamdiu
901 1871 928 1928 iu
945 1870 1027 1928 nobis
1041 1873 1183 1940 suntque
1201 1867 1330 1926 consumi

746 1945 833 2016 digna
851 1949 931 2012 suot;
955 1957 1019 1998 cum
1046 1949 1140 1998 autem
1162 1947 1331 2012 consumpta

747 2015 861 2085 luerint,
869 2017 993 2088 jamnon
1006 2011 1138 2084 eritignis
1147 2027 1328 2082 consumens,

747 2088 797 2144 sed
814 2087 984 2143 illuminans,
1002 2104 1016 2136 u
1035 2083 1114 2140 Unde
1128 2081 1168 2138 ait
1181 2081 1266 2140 etiarn
1279 2085 1330 2139 lli·

747 2175 890 2228 eronqmus
904 2177 912 2212 :
927 2177 941 2207 o
954 2158 1029 2227 lgnis
1044 2152 1184 2226 duplicem
1200 2163 1330 2210 naturam

746 2231 843 2299 habet,
859 2227 993 2302 quoniam
1018 2231 1046 2282 et
1066 2226 1141 2282 lucet
1155 2229 1183 2280 et
1199 2224 1273 2293 urit;
1290 2223 1331 2282 sic

746 2311 774 2359 ct
788 2305 862 2358 Deus
876 2303 951 2357 lucet
961 2297 1054 2370 justis,
1071 2301 1100 2354 et
1116 2301 1275 2366 peccatores
1289 2295 1331 2352 iu·

747 2372 849 2430 cendit.
883 2392 897 2425 n
928 2373 1045 2442 iusuper
1066 2374 1094 2425 et
1121 2373 1230 2439 septem
1254 2367 1331 2425 dona

747 2444 869 2516 Spiritus
884 2441 978 2500 Sancti
992 2455 1118 2502 concrue
1132 2439 1331 2495 demonstran·

747 2523 793 2572 tur
814 2515 843 2571 in
871 2513 947 2588 igne.
974 2511 1096 2585 Spiritus
1114 2513 1191 2568 enim
1214 2512 1331 2568 Sanctus

747 2588 836 2645 instar
850 2585 926 2658 ignis
946 2603 953 2642 :
977 2584 1068 2656 primo
1084 2588 1196 2655 purgat,
1212 2597 1263 2654 per
1275 2581 1332 2639 do-

748 2675 815 2716 num
829 2657 956 2724 timoris;
973 2656 1097 2712 secundo
1113 2653 1266 2726 liquefacit,
1282 2669 1334 2726 per

748 2732 854 2786 donum
881 2727 1012 2799 pietalis;
1034 2727 1117 2783 tertio
1140 2730 1265 2792 decorat,
1301 2741 1333 2780 er

749 2803 854 2858 donum
868 2798 1012 2862 scientiae3
1040 2802 1141 2868 quarto
1160 2797 1267 2852 consoli
1291 2801 1331 2864 at,

748 2889 799 2946 per
814 2873 917 2927 donum
938 2867 1130 2934 tortitudinis;
1154 2865 1252 2937 quinto
1276 2867 1333 2923 elc-

748 2949 805 3010 rat,
816 2958 867 3014 per
882 2941 986 2998 donum
1000 2937 1125 3005 coelite
1138 2941 1216 2993 sexto
1230 2936 1333 2994 illumi-

751 3023 809 3076 nat.
823 3029 874 3086 per
889 3013 994 3069 donum
1009 3007 1187 3075 intellectus;
1213 3007 1333 3077 septimo

749 3087 888 3150 dulcorat,
903 3099 954 3155 per
972 3082 1079 3138 donum
1095 3078 1253 3152 sapientiae.
1271 3078 1334 3134 Pri-

750 3174 813 3214 mus
825 3157 943 3213 ellcctus
954 3153 1029 3226 iguis
1044 3158 1122 3224 patet
1134 3155 1162 3206 in
1174 3156 1249 3206 reste
1263 3150 1336 3208 sala·

750 3228 887 3294 mandrae,
901 3228 1042 3282 secundus
1053 3223 1084 3279 in
1099 3238 1174 3284 cera.
1189 3221 1289 3278 tertius
1305 3221 1335 3278 in

751 3299 883 3367 metallis,
905 3303 1025 3369 quartus
1040 3294 1069 3350 in
1090 3293 1236 3356 lateribus,
1253 3294 1334 3363 quin·

751 3379 795 3429 tus
813 3370 842 3427 in
860 3367 1024 3442 vaporibus,
1044 3369 1138 3422 sextus
1158 3364 1186 3420 in
1201 3362 1336 3432 lucernis,

751 3447 889 3516 septimus
905 3443 933 3496 in
949 3437 1028 3497 cibis.
1049 3441 1086 3496 Et
1102 3435 1142 3493 sic
1158 3437 1257 3504 repleti
1272 3439 1337 3490 sunt

751 3530 841 3572 omnes
854 3515 963 3584 Spiritu
978 3513 1097 3576 Sanct03
1114 3514 1140 3564 et
1153 3505 1266 3574 deinde,
1284 3522 1334 3562 coc-

771 3590 849 3642 erunt
860 3587 937 3656 loqui
947 3585 1034 3638 vomu
1048 3580 1163 3663 linquis,
1180 3576 1335 3635 secundum

752 3662 889 3729 impetum
908 3654 1036 3726 ejusdem
1051 3651 1171 3722 Spiritus
1186 3647 1291 3718 Sancti,
1308 3653 1337 3704 et

750 3735 833 3802 prout
848 3727 908 3798 ipsc
925 3728 1047 3796 Spiritus
1060 3726 1177 3782 Sanctus
1193 3721 1289 3788 dabat,
1304 3721 1340 3775 il·

753 3803 788 3856 lis
807 3795 1001 3870 pronuntiare,
1017 3800 1046 3850 et
1066 3796 1177 3864 eloqui,·
1196 3795 1244 3864 qui
1262 3789 1335 3848 diri·

753 3873 824 3928 dens
846 3867 965 3940 siugulis
989 3873 1074 3938 prout
1096 3868 1166 3933 cult,
1179 3869 1206 3920 et
1225 3862 1338 3937 spirans

753 3951 801 4009 ubi
818 3952 886 4018 vult,
899 3946 1012 4019 quaudo
1026 3945 1095 4014 vult,
1112 3949 1249 4016 quantum
1266 3943 1337 4012 vult,

754 4030 895 4104 quomodo
906 4027 976 4094 vult,
990 4031 1019 4082 et
1031 4025 1132 4098 quibus
1143 4025 1212 4092 vult,
1223 4023 1337 4080 radioso

755 4101 863 4159 lumine
882 4097 1008 4156 scientiae
1023 4111 1138 4154 onmem
1159 4111 1208 4152 eos
1234 4095 1338 4152 verita-

754 4181 811 4230 trm
827 4171 950 4236 edocuit,
959 4175 988 4227 et
1002 4165 1224 4240 inexstinguibili
1236 4165 1338 4223 carita-

755 4246 792 4303 tis
814 4244 927 4312 ardoce,
952 4241 988 4298 ad
1014 4257 1127 4297 omnem
1156 4237 1339 4296 dilectionem

756 4316 893 4382 accendit,
908 4321 936 4372 et
949 4310 1106 4370 invincibili
1122 4309 1148 4365 ri
1164 4308 1338 4366 tortitudinis

756 4389 787 4446 in
801 4387 877 4446 omni
893 4387 996 4442 virtute
1008 4381 1132 4440 firmarit
1146 4379 1290 4451 inspirans
1304 4375 1337 4432 il·
