<?xml version="1.0" encoding="UTF-8"?>
<!DOCTYPE html PUBLIC "-//W3C//DTD XHTML 1.0 Transitional//EN"
    "http://www.w3.org/TR/xhtml1/DTD/xhtml1-transitional.dtd">
<html xmlns="http://www.w3.org/1999/xhtml" xml:lang="en" lang="en">
 <head>
  <title>
</title>
<meta http-equiv="Content-Type" content="text/html;charset=utf-8" />
  <meta name='ocr-system' content='tesseract 3.04.00' />
  <meta name='ocr-capabilities' content='ocr_page ocr_carea ocr_par ocr_line ocrx_word'/>
</head>
<body>
  <div class='ocr_page' id='page_1' title='image "./vitajesuchristi03ludogoog/vitajesuchristi03ludogoog_0063.png"; bbox 0 0 3036 5042; ppageno 0'>
   <div class='ocr_carea' id='block_1_1' title="bbox 253 396 1130 461">
    <p class='ocr_par' dir='ltr' id='par_1_1' title="bbox 253 396 1130 461">
     <span class='ocr_line' id='line_1_1' title="bbox 253 396 1130 461; baseline 0.01 -11"><span class='ocrx_word' id='word_1_1' title='bbox 253 396 284 450; x_wconf 73' lang='grc'>52</span> <span class='ocrx_word' id='word_1_2' title='bbox 601 399 760 452; x_wconf 74' lang='lat' dir='ltr'>SECUNDAE</span> <span class='ocrx_word' id='word_1_3' title='bbox 788 401 909 457; x_wconf 75' lang='lat' dir='ltr'>rantis</span> <span class='ocrx_word' id='word_1_4' title='bbox 937 405 1044 459; x_wconf 77' lang='lat' dir='ltr'>citur</span> <span class='ocrx_word' id='word_1_5' title='bbox 1073 407 1130 461; x_wconf 81' lang='lat' dir='ltr'>bxi</span> 
     </span>
    </p>
   </div>
   <div class='ocr_carea' id='block_1_2' title="bbox 217 500 838 4424">
    <p class='ocr_par' dir='ltr' id='par_1_2' title="bbox 217 500 838 4364">
     <span class='ocr_line' id='line_1_2' title="bbox 256 500 837 574; baseline 0.007 -16"><span class='ocrx_word' id='word_1_6' title='bbox 256 517 313 559; x_wconf 93' lang='lat' dir='ltr'>non</span> <span class='ocrx_word' id='word_1_7' title='bbox 329 500 490 558; x_wconf 80' lang='lat' dir='ltr'>credidistis</span> <span class='ocrx_word' id='word_1_8' title='bbox 508 517 561 559; x_wconf 92' lang='lat' dir='ltr'>nee</span> <span class='ocrx_word' id='word_1_9' title='bbox 574 501 670 559; x_wconf 81' lang='lat' dir='ltr'>verbis</span> <span class='ocrx_word' id='word_1_10' title='bbox 688 504 770 574; x_wconf 89' lang='lat' dir='ltr'>meis,</span> <span class='ocrx_word' id='word_1_11' title='bbox 783 520 837 562; x_wconf 90' lang='lat' dir='ltr'>nec</span> 
     </span>
     <span class='ocr_line' id='line_1_3' title="bbox 254 572 836 646; baseline 0.003 -15"><span class='ocrx_word' id='word_1_12' title='bbox 254 572 353 642; x_wconf 84' lang='lat' dir='ltr'>lactis3</span> <span class='ocrx_word' id='word_1_13' title='bbox 368 575 394 630; x_wconf 82' lang='lat' dir='ltr'>si</span> <span class='ocrx_word' id='word_1_14' title='bbox 408 579 500 630; x_wconf 83' lang='lat' dir='ltr'>autem</span> <span class='ocrx_word' id='word_1_15' title='bbox 514 581 540 630; x_wconf 86' lang='lat' dir='ltr'>et</span> <span class='ocrx_word' id='word_1_16' title='bbox 558 577 763 644; x_wconf 71' lang='lat' dir='ltr'>interrogavero</span> <span class='ocrx_word' id='word_1_17' title='bbox 777 593 836 646; x_wconf 88' lang='lat' dir='ltr'>ios,</span> 
     </span>
     <span class='ocr_line' id='line_1_4' title="bbox 250 645 838 718; baseline 0.005 -16"><span class='ocrx_word' id='word_1_18' title='bbox 250 663 305 702; x_wconf 85' lang='lat' dir='ltr'>aon</span> <span class='ocrx_word' id='word_1_19' title='bbox 318 645 521 718; x_wconf 82' lang='lat' dir='ltr'>respondebitis</span> <span class='ocrx_word' id='word_1_20' title='bbox 531 648 611 710; x_wconf 84' lang='lat' dir='ltr'>mibi,</span> <span class='ocrx_word' id='word_1_21' title='bbox 622 645 694 704; x_wconf 89' lang='lat' dir='ltr'>sicut</span> <span class='ocrx_word' id='word_1_22' title='bbox 705 647 838 705; x_wconf 88' lang='lat' dir='ltr'>neealias</span> 
     </span>
     <span class='ocr_line' id='line_1_5' title="bbox 251 715 837 791; baseline 0.003 -17"><span class='ocrx_word' id='word_1_23' title='bbox 251 715 449 789; x_wconf 84' lang='lat' dir='ltr'>respondistis,</span> <span class='ocrx_word' id='word_1_24' title='bbox 460 733 523 774; x_wconf 91' lang='lat' dir='ltr'>cuni</span> <span class='ocrx_word' id='word_1_25' title='bbox 536 716 754 787; x_wconf 73' lang='lat' dir='ltr'>interrogarem,</span> <span class='ocrx_word' id='word_1_26' title='bbox 769 735 837 791; x_wconf 93' lang='lat' dir='ltr'>quo-</span> 
     </span>
     <span class='ocr_line' id='line_1_6' title="bbox 252 787 837 859; baseline 0 -13"><span class='ocrx_word' id='word_1_27' title='bbox 252 791 338 846; x_wconf 92' lang='lat' dir='ltr'>modo</span> <span class='ocrx_word' id='word_1_28' title='bbox 352 787 482 846; x_wconf 89' lang='lat' dir='ltr'>Christus</span> <span class='ocrx_word' id='word_1_29' title='bbox 496 787 570 846; x_wconf 80' lang='lat' dir='ltr'>iilius</span> <span class='ocrx_word' id='word_1_30' title='bbox 584 789 673 846; x_wconf 83' lang='lat' dir='ltr'>David</span> <span class='ocrx_word' id='word_1_31' title='bbox 686 797 761 846; x_wconf 89' lang='lat' dir='ltr'>esset</span> <span class='ocrx_word' id='word_1_32' title='bbox 773 807 780 859; x_wconf 91' lang='lat'>;</span> <span class='ocrx_word' id='word_1_33' title='bbox 792 808 837 846; x_wconf 84' lang='lat' dir='ltr'>rie-</span> 
     </span>
     <span class='ocr_line' id='line_1_7' title="bbox 250 859 835 932; baseline 0.012 -19"><span class='ocrx_word' id='word_1_34' title='bbox 250 875 303 930; x_wconf 84' lang='lat' dir='ltr'>qae</span> <span class='ocrx_word' id='word_1_35' title='bbox 316 859 474 932; x_wconf 75' lang='lat' dir='ltr'>dimittetis,</span> <span class='ocrx_word' id='word_1_36' title='bbox 488 859 595 917; x_wconf 91' lang='lat' dir='ltr'>scilicet</span> <span class='ocrx_word' id='word_1_37' title='bbox 609 877 665 930; x_wconf 89' lang='lat' dir='ltr'>me,</span> <span class='ocrx_word' id='word_1_38' title='bbox 677 860 724 932; x_wconf 93' lang='lat' dir='ltr'>qui</span> <span class='ocrx_word' id='word_1_39' title='bbox 738 867 835 920; x_wconf 89' lang='lat' dir='ltr'>tamen</span> 
     </span>
     <span class='ocr_line' id='line_1_8' title="bbox 250 929 836 997; baseline 0.003 -9"><span class='ocrx_word' id='word_1_40' title='bbox 250 947 312 988; x_wconf 76' lang='lat' dir='ltr'>suni</span> <span class='ocrx_word' id='word_1_41' title='bbox 329 929 478 988; x_wconf 86' lang='lat' dir='ltr'>innocens.</span> <span class='ocrx_word' id='word_1_42' title='bbox 494 935 538 988; x_wconf 79' lang='lat' dir='ltr'>Ea</span> <span class='ocrx_word' id='word_1_43' title='bbox 553 934 602 988; x_wconf 87' lang='lat' dir='ltr'>boo</span> <span class='ocrx_word' id='word_1_44' title='bbox 615 939 716 997; x_wconf 84' lang='lat' dir='ltr'>autem,</span> <span class='ocrx_word' id='word_1_45' title='bbox 729 931 836 991; x_wconf 88' lang='lat' dir='ltr'>scilicet</span> 
     </span>
     <span class='ocr_line' id='line_1_9' title="bbox 251 1001 833 1086; baseline 0.007 -29"><span class='ocrx_word' id='word_1_46' title='bbox 251 1007 390 1075; x_wconf 88' lang='lat' dir='ltr'>tempore,</span> <span class='ocrx_word' id='word_1_47' title='bbox 407 1001 436 1060; x_wconf 96' lang='lat' dir='ltr'>id</span> <span class='ocrx_word' id='word_1_48' title='bbox 451 1009 494 1060; x_wconf 90' lang='lat' dir='ltr'>est</span> <span class='ocrx_word' id='word_1_49' title='bbox 509 1009 574 1086; x_wconf 89' lang='lat' dir='ltr'>post</span> <span class='ocrx_word' id='word_1_50' title='bbox 586 1009 697 1076; x_wconf 88' lang='lat' dir='ltr'>tempus</span> <span class='ocrx_word' id='word_1_51' title='bbox 722 1005 833 1062; x_wconf 88' lang='lat' dir='ltr'>Passio-</span> 
     </span>
     <span class='ocr_line' id='line_1_10' title="bbox 250 1073 834 1144; baseline 0.003 -14"><span class='ocrx_word' id='word_1_52' title='bbox 250 1073 295 1130; x_wconf 90' lang='lat' dir='ltr'>nis</span> <span class='ocrx_word' id='word_1_53' title='bbox 309 1079 337 1130; x_wconf 90' lang='lat' dir='ltr'>et</span> <span class='ocrx_word' id='word_1_54' title='bbox 349 1073 605 1144; x_wconf 66' lang='lat' dir='ltr'>ascenderisest</span> <span class='ocrx_word' id='word_1_55' title='bbox 614 1077 704 1132; x_wconf 82' lang='lat' dir='ltr'>Filios</span> <span class='ocrx_word' id='word_1_56' title='bbox 716 1077 834 1132; x_wconf 84' lang='lat' dir='ltr'>bominis</span> 
     </span>
     <span class='ocr_line' id='line_1_11' title="bbox 248 1145 833 1211; baseline 0.003 -9"><span class='ocrx_word' id='word_1_57' title='bbox 248 1146 343 1202; x_wconf 81' lang='lat' dir='ltr'>sedens</span> <span class='ocrx_word' id='word_1_58' title='bbox 356 1162 373 1202; x_wconf 85' lang='lat' dir='ltr'>a</span> <span class='ocrx_word' id='word_1_59' title='bbox 385 1147 493 1202; x_wconf 70' lang='lat' dir='ltr'>electris</span> <span class='ocrx_word' id='word_1_60' title='bbox 505 1149 618 1203; x_wconf 84' lang='lat' dir='ltr'>virtutis</span> <span class='ocrx_word' id='word_1_61' title='bbox 628 1149 687 1211; x_wconf 84' lang='lat' dir='ltr'>Dei,</span> <span class='ocrx_word' id='word_1_62' title='bbox 706 1145 735 1204; x_wconf 91' lang='lat' dir='ltr'>id</span> <span class='ocrx_word' id='word_1_63' title='bbox 750 1147 833 1204; x_wconf 90' lang='lat' dir='ltr'>estin</span> 
     </span>
     <span class='ocr_line' id='line_1_12' title="bbox 249 1216 833 1288; baseline 0.005 -15"><span class='ocrx_word' id='word_1_64' title='bbox 249 1216 407 1286; x_wconf 91' lang='lat' dir='ltr'>potioribus</span> <span class='ocrx_word' id='word_1_65' title='bbox 433 1217 516 1276; x_wconf 90' lang='lat' dir='ltr'>bonis</span> <span class='ocrx_word' id='word_1_66' title='bbox 544 1217 647 1288; x_wconf 86' lang='lat' dir='ltr'>Patris,</span> <span class='ocrx_word' id='word_1_67' title='bbox 678 1219 833 1276; x_wconf 89' lang='lat' dir='ltr'>secundum</span> 
     </span>
     <span class='ocr_line' id='line_1_13' title="bbox 247 1287 831 1362; baseline 0.003 -17"><span class='ocrx_word' id='word_1_68' title='bbox 247 1288 465 1356; x_wconf 74' lang='lat' dir='ltr'>humanitatem,</span> <span class='ocrx_word' id='word_1_69' title='bbox 483 1289 533 1346; x_wconf 91' lang='lat' dir='ltr'>sed</span> <span class='ocrx_word' id='word_1_70' title='bbox 552 1287 581 1345; x_wconf 89' lang='lat' dir='ltr'>iii</span> <span class='ocrx_word' id='word_1_71' title='bbox 598 1289 763 1362; x_wconf 81' lang='lat' dir='ltr'>aequalitate</span> <span class='ocrx_word' id='word_1_72' title='bbox 778 1291 831 1347; x_wconf 89' lang='lat' dir='ltr'>Pa-</span> 
     </span>
     <span class='ocr_line' id='line_1_14' title="bbox 247 1359 834 1419; baseline 0.007 -4"><span class='ocrx_word' id='word_1_73' title='bbox 247 1363 299 1418; x_wconf 88' lang='lat' dir='ltr'>tris</span> <span class='ocrx_word' id='word_1_74' title='bbox 312 1361 469 1418; x_wconf 88' lang='lat' dir='ltr'>secundum</span> <span class='ocrx_word' id='word_1_75' title='bbox 484 1359 674 1418; x_wconf 87' lang='lat' dir='ltr'>divinitatem.</span> <span class='ocrx_word' id='word_1_76' title='bbox 693 1361 771 1418; x_wconf 86' lang='lat' dir='ltr'>Unde</span> <span class='ocrx_word' id='word_1_77' title='bbox 785 1362 834 1419; x_wconf 91' lang='lat' dir='ltr'>be-</span> 
     </span>
     <span class='ocr_line' id='line_1_15' title="bbox 245 1431 832 1506; baseline 0.005 -19"><span class='ocrx_word' id='word_1_78' title='bbox 245 1431 476 1489; x_wconf 74' lang='lat' dir='ltr'>nedixitzidiias</span> <span class='ocrx_word' id='word_1_79' title='bbox 491 1434 619 1500; x_wconf 80' lang='lat' dir='ltr'>bominis,</span> <span class='ocrx_word' id='word_1_80' title='bbox 629 1431 696 1504; x_wconf 87' lang='lat' dir='ltr'>quia</span> <span class='ocrx_word' id='word_1_81' title='bbox 707 1433 832 1506; x_wconf 87' lang='lat' dir='ltr'>inquan-</span> 
     </span>
     <span class='ocr_line' id='line_1_16' title="bbox 246 1502 831 1576; baseline 0.007 -18"><span class='ocrx_word' id='word_1_82' title='bbox 246 1506 307 1560; x_wconf 86' lang='lat' dir='ltr'>tum</span> <span class='ocrx_word' id='word_1_83' title='bbox 326 1503 414 1560; x_wconf 84' lang='lat' dir='ltr'>Filius</span> <span class='ocrx_word' id='word_1_84' title='bbox 440 1502 490 1559; x_wconf 86' lang='lat' dir='ltr'>Dei</span> <span class='ocrx_word' id='word_1_85' title='bbox 506 1519 620 1574; x_wconf 89' lang='lat' dir='ltr'>semper</span> <span class='ocrx_word' id='word_1_86' title='bbox 643 1505 696 1560; x_wconf 88' lang='lat' dir='ltr'>tuit</span> <span class='ocrx_word' id='word_1_87' title='bbox 713 1505 831 1576; x_wconf 85' lang='lat' dir='ltr'>aequalis</span> 
     </span>
     <span class='ocr_line' id='line_1_17' title="bbox 246 1573 828 1637; baseline 0.005 -7"><span class='ocrx_word' id='word_1_88' title='bbox 246 1573 334 1637; x_wconf 83' lang='lat' dir='ltr'>Patri,</span> <span class='ocrx_word' id='word_1_89' title='bbox 351 1579 379 1628; x_wconf 82' lang='lat' dir='ltr'>ct</span> <span class='ocrx_word' id='word_1_90' title='bbox 397 1575 500 1630; x_wconf 88' lang='lat' dir='ltr'>sedens</span> <span class='ocrx_word' id='word_1_91' title='bbox 517 1575 553 1630; x_wconf 90' lang='lat' dir='ltr'>ad</span> <span class='ocrx_word' id='word_1_92' title='bbox 568 1577 713 1632; x_wconf 82' lang='lat' dir='ltr'>dexteram</span> <span class='ocrx_word' id='word_1_93' title='bbox 728 1576 828 1633; x_wconf 88' lang='lat' dir='ltr'>Patris.</span> 
     </span>
     <span class='ocr_line' id='line_1_18' title="bbox 245 1645 830 1719; baseline 0.007 -17"><span class='ocrx_word' id='word_1_94' title='bbox 245 1645 330 1712; x_wconf 84' lang='lat' dir='ltr'>Quasi</span> <span class='ocrx_word' id='word_1_95' title='bbox 348 1645 479 1702; x_wconf 91' lang='lat' dir='ltr'>diceret:</span> <span class='ocrx_word' id='word_1_96' title='bbox 497 1647 551 1701; x_wconf 84' lang='lat' dir='ltr'>Ero</span> <span class='ocrx_word' id='word_1_97' title='bbox 578 1646 607 1702; x_wconf 92' lang='lat' dir='ltr'>in</span> <span class='ocrx_word' id='word_1_98' title='bbox 631 1645 686 1701; x_wconf 89' lang='lat' dir='ltr'>vita</span> <span class='ocrx_word' id='word_1_99' title='bbox 706 1662 830 1719; x_wconf 85' lang='lat' dir='ltr'>regnans</span> 
     </span>
     <span class='ocr_line' id='line_1_19' title="bbox 245 1715 831 1788; baseline 0.009 -16"><span class='ocrx_word' id='word_1_100' title='bbox 245 1715 420 1788; x_wconf 84' lang='lat' dir='ltr'>sempiterne</span> <span class='ocrx_word' id='word_1_101' title='bbox 430 1721 459 1772; x_wconf 94' lang='lat' dir='ltr'>et</span> <span class='ocrx_word' id='word_1_102' title='bbox 471 1715 575 1772; x_wconf 85' lang='lat' dir='ltr'>virtute</span> <span class='ocrx_word' id='word_1_103' title='bbox 589 1716 697 1786; x_wconf 82' lang='lat' dir='ltr'>divina,</span> <span class='ocrx_word' id='word_1_104' title='bbox 708 1733 771 1774; x_wconf 90' lang='lat' dir='ltr'>eum</span> <span class='ocrx_word' id='word_1_105' title='bbox 785 1719 831 1778; x_wconf 91' lang='lat' dir='ltr'>bie</span> 
     </span>
     <span class='ocr_line' id='line_1_20' title="bbox 244 1786 829 1860; baseline 0.012 -18"><span class='ocrx_word' id='word_1_106' title='bbox 244 1786 376 1844; x_wconf 88' lang='lat' dir='ltr'>intirmus</span> <span class='ocrx_word' id='word_1_107' title='bbox 390 1803 486 1844; x_wconf 91' lang='lat' dir='ltr'>coram</span> <span class='ocrx_word' id='word_1_108' title='bbox 500 1787 581 1844; x_wconf 85' lang='lat' dir='ltr'>vobis</span> <span class='ocrx_word' id='word_1_109' title='bbox 596 1803 759 1860; x_wconf 81' lang='lat' dir='ltr'>appaream.</span> <span class='ocrx_word' id='word_1_110' title='bbox 778 1791 829 1849; x_wconf 91' lang='lat' dir='ltr'>Ubi</span> 
     </span>
     <span class='ocr_line' id='line_1_21' title="bbox 247 1859 830 1930; baseline 0.009 -16"><span class='ocrx_word' id='word_1_111' title='bbox 247 1859 414 1930; x_wconf 73' lang='lat' dir='ltr'>Theophilus</span> <span class='ocrx_word' id='word_1_112' title='bbox 427 1878 436 1914; x_wconf 77' lang='grc' dir='ltr'><strong><em>ε</em></strong></span> <span class='ocrx_word' id='word_1_113' title='bbox 450 1880 463 1912; x_wconf 83' lang='lat' dir='ltr'>n</span> <span class='ocrx_word' id='word_1_114' title='bbox 475 1859 559 1926; x_wconf 89' lang='lat' dir='ltr'>Quasi</span> <span class='ocrx_word' id='word_1_115' title='bbox 572 1859 679 1917; x_wconf 91' lang='lat' dir='ltr'>diceret</span> <span class='ocrx_word' id='word_1_116' title='bbox 694 1877 700 1916; x_wconf 95' lang='lat'><strong>:</strong></span> <span class='ocrx_word' id='word_1_117' title='bbox 715 1863 774 1918; x_wconf 89' lang='lat' dir='ltr'>Non</span> <span class='ocrx_word' id='word_1_118' title='bbox 786 1869 830 1919; x_wconf 90' lang='lat' dir='ltr'>est</span> 
     </span>
     <span class='ocr_line' id='line_1_22' title="bbox 245 1929 829 2002; baseline 0.012 -18"><span class='ocrx_word' id='word_1_119' title='bbox 245 1929 326 1988; x_wconf 86' lang='lat' dir='ltr'>iobis</span> <span class='ocrx_word' id='word_1_120' title='bbox 340 1931 375 1987; x_wconf 91' lang='lat' dir='ltr'>de</span> <span class='ocrx_word' id='word_1_121' title='bbox 387 1934 482 1988; x_wconf 91' lang='lat' dir='ltr'>cetero</span> <span class='ocrx_word' id='word_1_122' title='bbox 498 1937 611 2002; x_wconf 89' lang='lat' dir='ltr'>tempus</span> <span class='ocrx_word' id='word_1_123' title='bbox 623 1948 787 1990; x_wconf 87' lang='lat' dir='ltr'>sermonum</span> <span class='ocrx_word' id='word_1_124' title='bbox 801 1940 829 1991; x_wconf 89' lang='lat' dir='ltr'>et</span> 
     </span>
     <span class='ocr_line' id='line_1_23' title="bbox 244 2000 828 2076; baseline 0.007 -18"><span class='ocrx_word' id='word_1_125' title='bbox 244 2000 396 2072; x_wconf 81' lang='lat' dir='ltr'>doctrinae,</span> <span class='ocrx_word' id='word_1_126' title='bbox 416 2003 465 2060; x_wconf 92' lang='lat' dir='ltr'>sed</span> <span class='ocrx_word' id='word_1_127' title='bbox 485 2002 620 2076; x_wconf 84' lang='lat' dir='ltr'>deinceps</span> <span class='ocrx_word' id='word_1_128' title='bbox 638 2003 828 2075; x_wconf 84' lang='lat' dir='ltr'>judicii-tcm-</span> 
     </span>
     <span class='ocr_line' id='line_1_24' title="bbox 244 2074 828 2148; baseline 0.005 -18"><span class='ocrx_word' id='word_1_129' title='bbox 244 2091 295 2148; x_wconf 90' lang='lat' dir='ltr'>pus</span> <span class='ocrx_word' id='word_1_130' title='bbox 309 2074 374 2144; x_wconf 88' lang='lat' dir='ltr'>erit,</span> <span class='ocrx_word' id='word_1_131' title='bbox 388 2091 452 2132; x_wconf 90' lang='lat' dir='ltr'>cum</span> <span class='ocrx_word' id='word_1_132' title='bbox 467 2074 598 2132; x_wconf 84' lang='lat' dir='ltr'>videbitis</span> <span class='ocrx_word' id='word_1_133' title='bbox 608 2091 652 2132; x_wconf 89' lang='lat' dir='ltr'>me</span> <span class='ocrx_word' id='word_1_134' title='bbox 667 2075 766 2133; x_wconf 83' lang='lat' dir='ltr'>Filium</span> <span class='ocrx_word' id='word_1_135' title='bbox 781 2081 828 2133; x_wconf 91' lang='lat' dir='ltr'>bo·</span> 
     </span>
     <span class='ocr_line' id='line_1_25' title="bbox 244 2145 826 2205; baseline -0.007 -3"><span class='ocrx_word' id='word_1_136' title='bbox 244 2145 826 2205; x_wconf 73' lang='lat' dir='ltr'>minissedentemadextrisvirtutisDei.»</span> 
     </span>
     <span class='ocr_line' id='line_1_26' title="bbox 243 2219 827 2288; baseline 0.002 -14"><span class='ocrx_word' id='word_1_137' title='bbox 243 2219 332 2288; x_wconf 88' lang='lat' dir='ltr'>Tunc,</span> <span class='ocrx_word' id='word_1_138' title='bbox 353 2219 487 2274; x_wconf 82' lang='lat' dir='ltr'>dicerunt</span> <span class='ocrx_word' id='word_1_139' title='bbox 512 2236 605 2275; x_wconf 84' lang='lat' dir='ltr'>omnes</span> <span class='ocrx_word' id='word_1_140' title='bbox 622 2237 628 2276; x_wconf 91' lang='lat'>:</span> <span class='ocrx_word' id='word_1_141' title='bbox 645 2222 685 2275; x_wconf 84' lang='lat' dir='ltr'>Tu</span> <span class='ocrx_word' id='word_1_142' title='bbox 711 2235 773 2288; x_wconf 84' lang='lat' dir='ltr'>erpo</span> <span class='ocrx_word' id='word_1_143' title='bbox 800 2236 827 2276; x_wconf 85' lang='lat' dir='ltr'>es</span> 
     </span>
     <span class='ocr_line' id='line_1_27' title="bbox 245 2289 822 2358; baseline 0.009 -14"><span class='ocrx_word' id='word_1_144' title='bbox 245 2291 331 2345; x_wconf 82' lang='lat' dir='ltr'>Filius</span> <span class='ocrx_word' id='word_1_145' title='bbox 342 2293 402 2351; x_wconf 83' lang='lat' dir='ltr'>Det.</span> <span class='ocrx_word' id='word_1_146' title='bbox 418 2289 526 2345; x_wconf 91' lang='lat' dir='ltr'>scilicet</span> <span class='ocrx_word' id='word_1_147' title='bbox 541 2290 687 2346; x_wconf 87' lang='lat' dir='ltr'>naturalis.</span> <span class='ocrx_word' id='word_1_148' title='bbox 700 2293 754 2358; x_wconf 85' lang='lat' dir='ltr'>Qui</span> <span class='ocrx_word' id='word_1_149' title='bbox 768 2294 822 2350; x_wconf 83' lang='lat' dir='ltr'>cit:</span> 
     </span>
     <span class='ocr_line' id='line_1_28' title="bbox 244 2361 826 2430; baseline 0.003 -14"><span class='ocrx_word' id='word_1_150' title='bbox 244 2363 298 2416; x_wconf 85' lang='lat' dir='ltr'>Vos</span> <span class='ocrx_word' id='word_1_151' title='bbox 314 2361 419 2428; x_wconf 82' lang='lat' dir='ltr'>dicitis,</span> <span class='ocrx_word' id='word_1_152' title='bbox 436 2364 504 2430; x_wconf 80' lang='lat' dir='ltr'>quta</span> <span class='ocrx_word' id='word_1_153' title='bbox 523 2377 571 2428; x_wconf 83' lang='lat' dir='ltr'>epo</span> <span class='ocrx_word' id='word_1_154' title='bbox 586 2378 656 2418; x_wconf 84' lang='lat' dir='ltr'>sum.</span> <span class='ocrx_word' id='word_1_155' title='bbox 673 2361 756 2429; x_wconf 87' lang='lat' dir='ltr'>Quasi</span> <span class='ocrx_word' id='word_1_156' title='bbox 778 2362 826 2418; x_wconf 89' lang='lat' dir='ltr'>di-</span> 
     </span>
     <span class='ocr_line' id='line_1_29' title="bbox 242 2431 825 2504; baseline 0.007 -18"><span class='ocrx_word' id='word_1_157' title='bbox 242 2435 340 2487; x_wconf 89' lang='lat' dir='ltr'>ceret:</span> <span class='ocrx_word' id='word_1_158' title='bbox 356 2433 414 2501; x_wconf 86' lang='lat' dir='ltr'>Ego</span> <span class='ocrx_word' id='word_1_159' title='bbox 437 2447 489 2486; x_wconf 91' lang='lat' dir='ltr'>nec</span> <span class='ocrx_word' id='word_1_160' title='bbox 506 2431 581 2500; x_wconf 88' lang='lat' dir='ltr'>dico,</span> <span class='ocrx_word' id='word_1_161' title='bbox 596 2447 648 2488; x_wconf 90' lang='lat' dir='ltr'>nee</span> <span class='ocrx_word' id='word_1_162' title='bbox 667 2448 759 2504; x_wconf 84' lang='lat' dir='ltr'>nego;</span> <span class='ocrx_word' id='word_1_163' title='bbox 776 2435 825 2490; x_wconf 87' lang='lat' dir='ltr'>sed</span> 
     </span>
     <span class='ocr_line' id='line_1_30' title="bbox 241 2501 826 2574; baseline 0.015 -20"><span class='ocrx_word' id='word_1_164' title='bbox 241 2517 292 2558; x_wconf 84' lang='lat' dir='ltr'>vos</span> <span class='ocrx_word' id='word_1_165' title='bbox 301 2501 405 2570; x_wconf 89' lang='lat' dir='ltr'>dicitis,</span> <span class='ocrx_word' id='word_1_166' title='bbox 415 2501 548 2574; x_wconf 86' lang='lat' dir='ltr'>quamvis</span> <span class='ocrx_word' id='word_1_167' title='bbox 557 2519 612 2558; x_wconf 89' lang='lat' dir='ltr'>non</span> <span class='ocrx_word' id='word_1_168' title='bbox 623 2502 756 2560; x_wconf 90' lang='lat' dir='ltr'>credatis.</span> <span class='ocrx_word' id='word_1_169' title='bbox 769 2507 826 2562; x_wconf 84' lang='lat' dir='ltr'>Sua</span> 
     </span>
     <span class='ocr_line' id='line_1_31' title="bbox 240 2571 824 2642; baseline 0.01 -14"><span class='ocrx_word' id='word_1_170' title='bbox 240 2589 310 2642; x_wconf 86' lang='lat' dir='ltr'>ergo</span> <span class='ocrx_word' id='word_1_171' title='bbox 337 2571 477 2630; x_wconf 87' lang='lat' dir='ltr'>sententia</span> <span class='ocrx_word' id='word_1_172' title='bbox 504 2573 740 2632; x_wconf 88' lang='lat' dir='ltr'>condemnantur.</span> <span class='ocrx_word' id='word_1_173' title='bbox 771 2576 824 2634; x_wconf 92' lang='lat' dir='ltr'>Ubi</span> 
     </span>
     <span class='ocr_line' id='line_1_32' title="bbox 235 2643 823 2717; baseline 0.009 -17"><span class='ocrx_word' id='word_1_174' title='bbox 235 2643 330 2700; x_wconf 85' lang='lat' dir='ltr'>Beda:</span> <span class='ocrx_word' id='word_1_175' title='bbox 345 2665 358 2697; x_wconf 78' lang='lat' dir='ltr'>a</span> <span class='ocrx_word' id='word_1_176' title='bbox 376 2647 417 2700; x_wconf 88' lang='lat' dir='ltr'>lta</span> <span class='ocrx_word' id='word_1_177' title='bbox 428 2643 646 2717; x_wconf 79' lang='lat' dir='ltr'>responsionem</span> <span class='ocrx_word' id='word_1_178' title='bbox 658 2661 738 2702; x_wconf 89' lang='lat' dir='ltr'>suain</span> <span class='ocrx_word' id='word_1_179' title='bbox 754 2651 823 2705; x_wconf 90' lang='lat' dir='ltr'>tem·</span> 
     </span>
     <span class='ocr_line' id='line_1_33' title="bbox 236 2716 823 2787; baseline 0.005 -15"><span class='ocrx_word' id='word_1_180' title='bbox 236 2720 329 2787; x_wconf 89' lang='lat' dir='ltr'>perat,</span> <span class='ocrx_word' id='word_1_181' title='bbox 339 2721 369 2772; x_wconf 89' lang='lat' dir='ltr'>ut</span> <span class='ocrx_word' id='word_1_182' title='bbox 378 2721 407 2772; x_wconf 88' lang='lat' dir='ltr'>et</span> <span class='ocrx_word' id='word_1_183' title='bbox 417 2731 513 2772; x_wconf 85' lang='lat' dir='ltr'>verum</span> <span class='ocrx_word' id='word_1_184' title='bbox 526 2716 646 2787; x_wconf 88' lang='lat' dir='ltr'>dicat,et</span> <span class='ocrx_word' id='word_1_185' title='bbox 660 2723 754 2774; x_wconf 88' lang='lat' dir='ltr'>tamen</span> <span class='ocrx_word' id='word_1_186' title='bbox 765 2735 823 2775; x_wconf 91' lang='lat' dir='ltr'>ser·</span> 
     </span>
     <span class='ocr_line' id='line_1_34' title="bbox 236 2787 823 2860; baseline 0.009 -18"><span class='ocrx_word' id='word_1_187' title='bbox 236 2802 282 2843; x_wconf 92' lang='lat' dir='ltr'>mo</span> <span class='ocrx_word' id='word_1_188' title='bbox 294 2787 355 2860; x_wconf 86' lang='lat' dir='ltr'>ejus</span> <span class='ocrx_word' id='word_1_189' title='bbox 369 2787 518 2844; x_wconf 81' lang='lat' dir='ltr'>calumniae</span> <span class='ocrx_word' id='word_1_190' title='bbox 534 2804 591 2844; x_wconf 93' lang='lat' dir='ltr'>non</span> <span class='ocrx_word' id='word_1_191' title='bbox 603 2793 710 2860; x_wconf 87' lang='lat' dir='ltr'>pateat.</span> <span class='ocrx_word' id='word_1_192' title='bbox 724 2789 823 2847; x_wconf 84' lang='lat' dir='ltr'>Maluit</span> 
     </span>
     <span class='ocr_line' id='line_1_35' title="bbox 235 2857 819 2932; baseline 0.005 -17"><span class='ocrx_word' id='word_1_193' title='bbox 235 2859 313 2915; x_wconf 89' lang='lat' dir='ltr'>enim</span> <span class='ocrx_word' id='word_1_194' title='bbox 324 2857 504 2917; x_wconf 91' lang='lat' dir='ltr'>serristum</span> <span class='ocrx_word' id='word_1_195' title='bbox 515 2859 616 2916; x_wconf 84' lang='lat' dir='ltr'>Filium</span> <span class='ocrx_word' id='word_1_196' title='bbox 627 2859 819 2932; x_wconf 86' lang='lat' dir='ltr'>Deiprobare,</span> 
     </span>
     <span class='ocr_line' id='line_1_36' title="bbox 234 2929 822 3002; baseline 0.007 -15"><span class='ocrx_word' id='word_1_197' title='bbox 234 2945 321 3002; x_wconf 87' lang='lat' dir='ltr'>quain</span> <span class='ocrx_word' id='word_1_198' title='bbox 337 2929 444 3000; x_wconf 86' lang='lat' dir='ltr'>dicere,</span> <span class='ocrx_word' id='word_1_199' title='bbox 461 2937 492 2987; x_wconf 89' lang='lat' dir='ltr'>ut</span> <span class='ocrx_word' id='word_1_200' title='bbox 506 2931 716 2988; x_wconf 89' lang='lat' dir='ltr'>condemnandi</span> <span class='ocrx_word' id='word_1_201' title='bbox 734 2949 822 2991; x_wconf 87' lang='lat' dir='ltr'>caiisa</span> 
     </span>
     <span class='ocr_line' id='line_1_37' title="bbox 233 3001 820 3076; baseline 0.009 -19"><span class='ocrx_word' id='word_1_202' title='bbox 233 3001 383 3058; x_wconf 90' lang='lat' dir='ltr'>tolleretur</span> <span class='ocrx_word' id='word_1_203' title='bbox 396 3001 452 3070; x_wconf 89' lang='lat' dir='ltr'>his,</span> <span class='ocrx_word' id='word_1_204' title='bbox 465 3005 511 3073; x_wconf 92' lang='lat' dir='ltr'>qui</span> <span class='ocrx_word' id='word_1_205' title='bbox 525 3003 600 3076; x_wconf 92' lang='lat' dir='ltr'>quod</span> <span class='ocrx_word' id='word_1_206' title='bbox 615 3003 753 3074; x_wconf 87' lang='lat' dir='ltr'>objiciunt</span> <span class='ocrx_word' id='word_1_207' title='bbox 767 3006 820 3062; x_wconf 88' lang='lat' dir='ltr'>hoc</span> 
     </span>
     <span class='ocr_line' id='line_1_38' title="bbox 232 3072 819 3156; baseline 0.003 -26"><span class='ocrx_word' id='word_1_208' title='bbox 232 3072 287 3156; x_wconf 88' lang='lat' dir='ltr'>ipsi</span> <span class='ocrx_word' id='word_1_209' title='bbox 309 3073 443 3132; x_wconf 81' lang='lat' dir='ltr'>intentur.</span> <span class='ocrx_word' id='word_1_210' title='bbox 461 3093 474 3126; x_wconf 84' lang='lat' dir='ltr'>u</span> <span class='ocrx_word' id='word_1_211' title='bbox 489 3077 527 3131; x_wconf 85' lang='lat' dir='ltr'>At</span> <span class='ocrx_word' id='word_1_212' title='bbox 550 3076 597 3130; x_wconf 80' lang='lat' dir='ltr'>illi</span> <span class='ocrx_word' id='word_1_213' title='bbox 612 3077 684 3132; x_wconf 89' lang='lat' dir='ltr'>banc</span> <span class='ocrx_word' id='word_1_214' title='bbox 698 3091 819 3148; x_wconf 90' lang='lat' dir='ltr'>respon-</span> 
     </span>
     <span class='ocr_line' id='line_1_39' title="bbox 232 3146 820 3220; baseline 0 -18"><span class='ocrx_word' id='word_1_215' title='bbox 232 3161 345 3203; x_wconf 78' lang='lat' dir='ltr'>sionem</span> <span class='ocrx_word' id='word_1_216' title='bbox 359 3146 568 3220; x_wconf 85' lang='lat' dir='ltr'>blasphemiam</span> <span class='ocrx_word' id='word_1_217' title='bbox 579 3153 758 3219; x_wconf 85' lang='lat' dir='ltr'>reputantcs,</span> <span class='ocrx_word' id='word_1_218' title='bbox 773 3149 820 3203; x_wconf 82' lang='lat' dir='ltr'>dt·</span> 
     </span>
     <span class='ocr_line' id='line_1_40' title="bbox 232 3219 818 3286; baseline 0.002 -12"><span class='ocrx_word' id='word_1_219' title='bbox 232 3225 335 3276; x_wconf 81' lang='lat' dir='ltr'>aerunl</span> <span class='ocrx_word' id='word_1_220' title='bbox 352 3238 361 3274; x_wconf 76' lang='grc' dir='ltr'><strong><em>ε</em></strong></span> <span class='ocrx_word' id='word_1_221' title='bbox 376 3219 450 3286; x_wconf 74' lang='lat' dir='ltr'>Quid</span> <span class='ocrx_word' id='word_1_222' title='bbox 465 3220 556 3274; x_wconf 80' lang='lat' dir='ltr'>adlice</span> <span class='ocrx_word' id='word_1_223' title='bbox 570 3219 759 3274; x_wconf 80' lang='lat' dir='ltr'>desideramus</span> <span class='ocrx_word' id='word_1_224' title='bbox 779 3225 818 3275; x_wconf 88' lang='lat' dir='ltr'>te-</span> 
     </span>
     <span class='ocr_line' id='line_1_41' title="bbox 232 3289 818 3362; baseline 0.003 -16"><span class='ocrx_word' id='word_1_225' title='bbox 232 3293 404 3355; x_wconf 82' lang='lat' dir='ltr'>stimoniam,</span> <span class='ocrx_word' id='word_1_226' title='bbox 435 3289 544 3346; x_wconf 90' lang='lat' dir='ltr'>scilicet</span> <span class='ocrx_word' id='word_1_227' title='bbox 569 3292 605 3346; x_wconf 90' lang='lat' dir='ltr'>ad</span> <span class='ocrx_word' id='word_1_228' title='bbox 637 3290 818 3362; x_wconf 88' lang='lat' dir='ltr'>probandum</span> 
     </span>
     <span class='ocr_line' id='line_1_42' title="bbox 232 3360 817 3432; baseline 0.003 -14"><span class='ocrx_word' id='word_1_229' title='bbox 232 3362 308 3432; x_wconf 90' lang='lat' dir='ltr'>quod</span> <span class='ocrx_word' id='word_1_230' title='bbox 318 3378 349 3418; x_wconf 89' lang='lat' dir='ltr'>se</span> <span class='ocrx_word' id='word_1_231' title='bbox 361 3360 504 3426; x_wconf 83' lang='lat' dir='ltr'>Christum</span> <span class='ocrx_word' id='word_1_232' title='bbox 515 3361 591 3417; x_wconf 90' lang='lat' dir='ltr'>dicat</span> <span class='ocrx_word' id='word_1_233' title='bbox 602 3366 629 3416; x_wconf 93' lang='lat' dir='ltr'>ct</span> <span class='ocrx_word' id='word_1_234' title='bbox 641 3361 688 3417; x_wconf 85' lang='lat' dir='ltr'>boi</span> <span class='ocrx_word' id='word_1_235' title='bbox 701 3361 817 3420; x_wconf 84' lang='lat' dir='ltr'>Filium‘l</span> 
     </span>
     <span class='ocr_line' id='line_1_43' title="bbox 233 3431 817 3505; baseline 0.003 -17"><span class='ocrx_word' id='word_1_236' title='bbox 233 3433 370 3489; x_wconf 74' lang='lat' dir='ltr'>Haeduo</span> <span class='ocrx_word' id='word_1_237' title='bbox 387 3431 502 3505; x_wconf 84' lang='lat' dir='ltr'>gravius</span> <span class='ocrx_word' id='word_1_238' title='bbox 522 3433 730 3503; x_wconf 83' lang='lat' dir='ltr'>ponderabant,</span> <span class='ocrx_word' id='word_1_239' title='bbox 744 3433 817 3490; x_wconf 91' lang='lat' dir='ltr'>scili-</span> 
     </span>
     <span class='ocr_line' id='line_1_44' title="bbox 232 3501 815 3573; baseline 0.01 -15"><span class='ocrx_word' id='word_1_240' title='bbox 232 3509 287 3572; x_wconf 89' lang='lat' dir='ltr'>cet,</span> <span class='ocrx_word' id='word_1_241' title='bbox 310 3504 387 3573; x_wconf 90' lang='lat' dir='ltr'>quod</span> <span class='ocrx_word' id='word_1_242' title='bbox 401 3520 431 3559; x_wconf 89' lang='lat' dir='ltr'>se</span> <span class='ocrx_word' id='word_1_243' title='bbox 448 3501 589 3560; x_wconf 81' lang='lat' dir='ltr'>Christum</span> <span class='ocrx_word' id='word_1_244' title='bbox 605 3508 634 3559; x_wconf 90' lang='lat' dir='ltr'>et</span> <span class='ocrx_word' id='word_1_245' title='bbox 649 3505 698 3560; x_wconf 87' lang='lat' dir='ltr'>Dei</span> <span class='ocrx_word' id='word_1_246' title='bbox 715 3503 815 3564; x_wconf 84' lang='lat' dir='ltr'>Filium</span> 
     </span>
     <span class='ocr_line' id='line_1_45' title="bbox 230 3573 817 3645; baseline 0.007 -15"><span class='ocrx_word' id='word_1_247' title='bbox 230 3573 364 3630; x_wconf 88' lang='lat' dir='ltr'>dicebat:</span> <span class='ocrx_word' id='word_1_248' title='bbox 386 3591 420 3630; x_wconf 90' lang='lat' dir='ltr'>co</span> <span class='ocrx_word' id='word_1_249' title='bbox 447 3574 523 3645; x_wconf 86' lang='lat' dir='ltr'>quod</span> <span class='ocrx_word' id='word_1_250' title='bbox 551 3590 638 3631; x_wconf 91' lang='lat' dir='ltr'>unum</span> <span class='ocrx_word' id='word_1_251' title='bbox 668 3575 817 3634; x_wconf 81' lang='lat' dir='ltr'>videbatur</span> 
     </span>
     <span class='ocr_line' id='line_1_46' title="bbox 229 3646 814 3718; baseline 0.009 -17"><span class='ocrx_word' id='word_1_252' title='bbox 229 3661 293 3702; x_wconf 90' lang='lat' dir='ltr'>esse</span> <span class='ocrx_word' id='word_1_253' title='bbox 316 3649 416 3704; x_wconf 88' lang='lat' dir='ltr'>contra</span> <span class='ocrx_word' id='word_1_254' title='bbox 435 3647 535 3715; x_wconf 85' lang='lat' dir='ltr'>Deum,</span> <span class='ocrx_word' id='word_1_255' title='bbox 550 3646 694 3718; x_wconf 88' lang='lat' dir='ltr'>reliquum</span> <span class='ocrx_word' id='word_1_256' title='bbox 714 3653 814 3706; x_wconf 89' lang='lat' dir='ltr'>contra</span> 
     </span>
     <span class='ocr_line' id='line_1_47' title="bbox 227 3716 813 3800; baseline 0.003 -27"><span class='ocrx_word' id='word_1_257' title='bbox 227 3717 389 3774; x_wconf 81' lang='lat' dir='ltr'>Romanum</span> <span class='ocrx_word' id='word_1_258' title='bbox 408 3716 570 3790; x_wconf 90' lang='lat' dir='ltr'>imperium.</span> <span class='ocrx_word' id='word_1_259' title='bbox 591 3721 650 3800; x_wconf 77' lang='lat' dir='ltr'>ipsi</span> <span class='ocrx_word' id='word_1_260' title='bbox 672 3722 743 3774; x_wconf 83' lang='lat' dir='ltr'>enim</span> <span class='ocrx_word' id='word_1_261' title='bbox 762 3735 813 3775; x_wconf 84' lang='lat' dir='ltr'>aa·</span> 
     </span>
     <span class='ocr_line' id='line_1_48' title="bbox 226 3788 812 3860; baseline 0.009 -18"><span class='ocrx_word' id='word_1_262' title='bbox 226 3788 350 3845; x_wconf 82' lang='lat' dir='ltr'>divinius</span> <span class='ocrx_word' id='word_1_263' title='bbox 367 3790 401 3845; x_wconf 85' lang='lat' dir='ltr'>de</span> <span class='ocrx_word' id='word_1_264' title='bbox 417 3806 463 3846; x_wconf 86' lang='lat' dir='ltr'>ore</span> <span class='ocrx_word' id='word_1_265' title='bbox 476 3791 545 3860; x_wconf 73' lang='lat' dir='ltr'>eius.</span> <span class='ocrx_word' id='word_1_266' title='bbox 562 3791 584 3848; x_wconf 92' lang='lat'>0</span> <span class='ocrx_word' id='word_1_267' title='bbox 599 3790 748 3860; x_wconf 79' lang='lat' dir='ltr'>insensati,</span> <span class='ocrx_word' id='word_1_268' title='bbox 765 3807 812 3847; x_wconf 90' lang='lat' dir='ltr'>ei·</span> 
     </span>
     <span class='ocr_line' id='line_1_49' title="bbox 224 3859 812 3920; baseline 0.009 -5"><span class='ocrx_word' id='word_1_269' title='bbox 224 3859 343 3917; x_wconf 83' lang='lat' dir='ltr'>caecavit</span> <span class='ocrx_word' id='word_1_270' title='bbox 363 3877 413 3918; x_wconf 91' lang='lat' dir='ltr'>vos</span> <span class='ocrx_word' id='word_1_271' title='bbox 430 3860 540 3919; x_wconf 87' lang='lat' dir='ltr'>malitia</span> <span class='ocrx_word' id='word_1_272' title='bbox 554 3861 665 3918; x_wconf 76' lang='lat' dir='ltr'>vestra!</span> <span class='ocrx_word' id='word_1_273' title='bbox 685 3859 812 3920; x_wconf 87' lang='lat' dir='ltr'>Audistis</span> 
     </span>
     <span class='ocr_line' id='line_1_50' title="bbox 224 3932 812 4004; baseline 0.005 -16"><span class='ocrx_word' id='word_1_274' title='bbox 224 3946 257 3988; x_wconf 86' lang='lat' dir='ltr'>ex</span> <span class='ocrx_word' id='word_1_275' title='bbox 270 3947 320 3988; x_wconf 87' lang='lat' dir='ltr'>ore</span> <span class='ocrx_word' id='word_1_276' title='bbox 336 3933 398 4004; x_wconf 76' lang='lat' dir='ltr'>eius</span> <span class='ocrx_word' id='word_1_277' title='bbox 413 3932 463 3988; x_wconf 88' lang='lat' dir='ltr'>Dei</span> <span class='ocrx_word' id='word_1_278' title='bbox 479 3933 668 3990; x_wconf 83' lang='lat' dir='ltr'>reverentiam</span> <span class='ocrx_word' id='word_1_279' title='bbox 683 3949 738 4004; x_wconf 89' lang='lat' dir='ltr'>qua</span> <span class='ocrx_word' id='word_1_280' title='bbox 750 3940 812 3991; x_wconf 90' lang='lat' dir='ltr'>erat</span> 
     </span>
     <span class='ocr_line' id='line_1_51' title="bbox 222 4001 810 4076; baseline 0.005 -18"><span class='ocrx_word' id='word_1_281' title='bbox 222 4001 405 4070; x_wconf 76' lang='lat' dir='ltr'>colenduS,et</span> <span class='ocrx_word' id='word_1_282' title='bbox 415 4020 471 4060; x_wconf 89' lang='lat' dir='ltr'>iioii</span> <span class='ocrx_word' id='word_1_283' title='bbox 484 4003 756 4076; x_wconf 83' lang='lat' dir='ltr'>blasphemiamque</span> <span class='ocrx_word' id='word_1_284' title='bbox 768 4021 810 4062; x_wconf 90' lang='lat' dir='ltr'>es-</span> 
     </span>
     <span class='ocr_line' id='line_1_52' title="bbox 221 4074 808 4146; baseline 0.003 -16"><span class='ocrx_word' id='word_1_285' title='bbox 221 4079 265 4131; x_wconf 88' lang='lat' dir='ltr'>set</span> <span class='ocrx_word' id='word_1_286' title='bbox 277 4074 497 4146; x_wconf 81' lang='lat' dir='ltr'>crucifigendus.</span> <span class='ocrx_word' id='word_1_287' title='bbox 513 4097 526 4128; x_wconf 79' lang='lat' dir='ltr'>i</span> <span class='ocrx_word' id='word_1_288' title='bbox 538 4078 622 4146; x_wconf 87' lang='lat' dir='ltr'>Ergo,</span> <span class='ocrx_word' id='word_1_289' title='bbox 633 4083 662 4132; x_wconf 92' lang='lat' dir='ltr'>ut</span> <span class='ocrx_word' id='word_1_290' title='bbox 672 4079 712 4132; x_wconf 89' lang='lat' dir='ltr'>ait</span> <span class='ocrx_word' id='word_1_291' title='bbox 723 4078 808 4142; x_wconf 67' lang='lat' dir='ltr'>Beata,</span> 
     </span>
     <span class='ocr_line' id='line_1_53' title="bbox 220 4145 808 4218; baseline 0.007 -16"><span class='ocrx_word' id='word_1_292' title='bbox 220 4145 808 4218; x_wconf 80' lang='lat' dir='ltr'>suasesententiacoidemnant,quieum</span> 
     </span>
     <span class='ocr_line' id='line_1_54' title="bbox 221 4217 807 4292; baseline 0.005 -18"><span class='ocrx_word' id='word_1_293' title='bbox 221 4217 306 4274; x_wconf 91' lang='lat' dir='ltr'>morti</span> <span class='ocrx_word' id='word_1_294' title='bbox 330 4219 455 4278; x_wconf 86' lang='lat' dir='ltr'>tradunt.</span> <span class='ocrx_word' id='word_1_295' title='bbox 473 4231 557 4289; x_wconf 88' lang='lat' dir='ltr'>quem</span> <span class='ocrx_word' id='word_1_296' title='bbox 579 4217 646 4290; x_wconf 89' lang='lat' dir='ltr'>oris,</span> <span class='ocrx_word' id='word_1_297' title='bbox 669 4224 696 4275; x_wconf 91' lang='lat' dir='ltr'>et</span> <span class='ocrx_word' id='word_1_298' title='bbox 712 4219 807 4292; x_wconf 90' lang='lat' dir='ltr'>operis</span> 
     </span>
     <span class='ocr_line' id='line_1_55' title="bbox 217 4291 803 4364; baseline -0.005 -17"><span class='ocrx_word' id='word_1_299' title='bbox 217 4291 383 4348; x_wconf 89' lang='lat' dir='ltr'>testimonio</span> <span class='ocrx_word' id='word_1_300' title='bbox 400 4291 489 4347; x_wconf 87' lang='lat' dir='ltr'>Deum</span> <span class='ocrx_word' id='word_1_301' title='bbox 509 4306 571 4347; x_wconf 86' lang='lat' dir='ltr'>esse</span> <span class='ocrx_word' id='word_1_302' title='bbox 587 4297 771 4364; x_wconf 84' lang='lat' dir='ltr'>cognoscunt.</span> <span class='ocrx_word' id='word_1_303' title='bbox 788 4315 803 4344; x_wconf 73' lang='lat' dir='ltr'>a</span> 
     </span>
    </p>

    <p class='ocr_par' dir='ltr' id='par_1_3' title="bbox 252 4363 804 4424">
     <span class='ocr_line' id='line_1_56' title="bbox 252 4363 804 4424; baseline 0.004 -4"><span class='ocrx_word' id='word_1_304' title='bbox 252 4367 268 4420; x_wconf 79' lang='lat'>5</span> <span class='ocrx_word' id='word_1_305' title='bbox 283 4363 418 4421; x_wconf 80' lang='lat' dir='ltr'>Carisius</span> <span class='ocrx_word' id='word_1_306' title='bbox 439 4379 474 4420; x_wconf 83' lang='lat' dir='ltr'>iio</span> <span class='ocrx_word' id='word_1_307' title='bbox 492 4363 614 4420; x_wconf 80' lang='lat' dir='ltr'>Pimruii</span> <span class='ocrx_word' id='word_1_308' title='bbox 628 4380 753 4424; x_wconf 86' lang='lat' dir='ltr'>oucirui.</span> <span class='ocrx_word' id='word_1_309' title='bbox 769 4394 804 4409; x_wconf 95' lang='lat'>-</span> 
     </span>
    </p>
   </div>
   <div class='ocr_carea' id='block_1_3' title="bbox 885 507 1474 2022">
    <p class='ocr_par' dir='ltr' id='par_1_4' title="bbox 885 507 1474 2022">
     <span class='ocr_line' id='line_1_57' title="bbox 893 507 1474 584; baseline 0.028 -22"><span class='ocrx_word' id='word_1_310' title='bbox 893 507 930 562; x_wconf 81' lang='lat' dir='ltr'>nt</span> <span class='ocrx_word' id='word_1_311' title='bbox 945 513 1009 579; x_wconf 88' lang='lat' dir='ltr'>post</span> <span class='ocrx_word' id='word_1_312' title='bbox 1023 509 1112 568; x_wconf 91' lang='lat' dir='ltr'>multa</span> <span class='ocrx_word' id='word_1_313' title='bbox 1127 527 1190 584; x_wconf 82' lang='lat' dir='ltr'>quae</span> <span class='ocrx_word' id='word_1_314' title='bbox 1205 519 1306 572; x_wconf 89' lang='lat' dir='ltr'>eontra</span> <span class='ocrx_word' id='word_1_315' title='bbox 1321 533 1391 575; x_wconf 92' lang='lat' dir='ltr'>eum</span> <span class='ocrx_word' id='word_1_316' title='bbox 1410 521 1474 578; x_wconf 82' lang='lat' dir='ltr'>sere·</span> 
     </span>
     <span class='ocr_line' id='line_1_58' title="bbox 893 582 1474 650; baseline 0.029 -16"><span class='ocrx_word' id='word_1_317' title='bbox 893 589 971 649; x_wconf 90' lang='lat' dir='ltr'>runt,</span> <span class='ocrx_word' id='word_1_318' title='bbox 992 585 1022 638; x_wconf 89' lang='lat' dir='ltr'>ut</span> <span class='ocrx_word' id='word_1_319' title='bbox 1034 582 1155 647; x_wconf 83' lang='lat' dir='ltr'>aestimo,</span> <span class='ocrx_word' id='word_1_320' title='bbox 1171 584 1245 642; x_wconf 89' lang='lat' dir='ltr'>sicut</span> <span class='ocrx_word' id='word_1_321' title='bbox 1260 587 1288 644; x_wconf 90' lang='lat' dir='ltr'>iii</span> <span class='ocrx_word' id='word_1_322' title='bbox 1305 599 1394 648; x_wconf 87' lang='lat' dir='ltr'>nocte</span> <span class='ocrx_word' id='word_1_323' title='bbox 1410 594 1474 650; x_wconf 84' lang='lat' dir='ltr'>iere·</span> 
     </span>
     <span class='ocr_line' id='line_1_59' title="bbox 893 655 1474 732; baseline 0.024 -27"><span class='ocrx_word' id='word_1_324' title='bbox 893 655 1100 720; x_wconf 66' lang='lat' dir='ltr'>matricolam</span> <span class='ocrx_word' id='word_1_325' title='bbox 1116 655 1297 715; x_wconf 74' lang='lat' dir='ltr'>adducerent</span> <span class='ocrx_word' id='word_1_326' title='bbox 1309 677 1386 732; x_wconf 84' lang='lat' dir='ltr'>eum,</span> <span class='ocrx_word' id='word_1_327' title='bbox 1403 681 1420 722; x_wconf 86' lang='lat' dir='ltr'>a</span> <span class='ocrx_word' id='word_1_328' title='bbox 1435 667 1474 721; x_wconf 86' lang='lat' dir='ltr'>do-</span> 
     </span>
     <span class='ocr_line' id='line_1_60' title="bbox 893 724 1474 805; baseline 0.031 -28"><span class='ocrx_word' id='word_1_329' title='bbox 893 737 940 803; x_wconf 81' lang='lat' dir='ltr'>mo</span> <span class='ocrx_word' id='word_1_330' title='bbox 968 724 1082 805; x_wconf 74' lang='lat' dir='ltr'>Caiphae</span> <span class='ocrx_word' id='word_1_331' title='bbox 1107 727 1266 798; x_wconf 76' lang='lat' dir='ltr'>Pontificis,</span> <span class='ocrx_word' id='word_1_332' title='bbox 1291 733 1331 789; x_wconf 91' lang='lat' dir='ltr'>ad</span> <span class='ocrx_word' id='word_1_333' title='bbox 1363 735 1474 794; x_wconf 90' lang='lat' dir='ltr'>domun</span> 
     </span>
     <span class='ocr_line' id='line_1_61' title="bbox 894 794 1473 877; baseline 0.033 -29"><span class='ocrx_word' id='word_1_334' title='bbox 894 794 975 850; x_wconf 83' lang='lat' dir='ltr'>Pilati</span> <span class='ocrx_word' id='word_1_335' title='bbox 1001 795 1134 854; x_wconf 73' lang='lat' dir='ltr'>Presidis</span> <span class='ocrx_word' id='word_1_336' title='bbox 1154 800 1289 859; x_wconf 75' lang='lat' dir='ltr'>Romana</span> <span class='ocrx_word' id='word_1_337' title='bbox 1318 810 1473 877; x_wconf 81' lang='lat' dir='ltr'>potestatis,</span> 
     </span>
     <span class='ocr_line' id='line_1_62' title="bbox 892 864 1474 950; baseline 0.033 -31"><span class='ocrx_word' id='word_1_338' title='bbox 892 864 928 920; x_wconf 88' lang='lat' dir='ltr'>ad</span> <span class='ocrx_word' id='word_1_339' title='bbox 941 867 1205 950; x_wconf 79' lang='lat' dir='ltr'>quempertinebat</span> <span class='ocrx_word' id='word_1_340' title='bbox 1213 873 1357 944; x_wconf 82' lang='lat' dir='ltr'>judicium</span> <span class='ocrx_word' id='word_1_341' title='bbox 1373 878 1405 935; x_wconf 91' lang='lat' dir='ltr'>iii</span> <span class='ocrx_word' id='word_1_342' title='bbox 1421 897 1474 937; x_wconf 85' lang='lat' dir='ltr'>cai-</span> 
     </span>
     <span class='ocr_line' id='line_1_63' title="bbox 891 942 1473 1017; baseline 0.033 -27"><span class='ocrx_word' id='word_1_343' title='bbox 891 951 923 1017; x_wconf 79' lang='lat' dir='ltr'>sa</span> <span class='ocrx_word' id='word_1_344' title='bbox 938 953 1096 1010; x_wconf 86' lang='lat' dir='ltr'>sanguinis,</span> <span class='ocrx_word' id='word_1_345' title='bbox 1108 947 1140 997; x_wconf 88' lang='lat' dir='ltr'>ut</span> <span class='ocrx_word' id='word_1_346' title='bbox 1154 942 1263 1001; x_wconf 88' lang='lat' dir='ltr'>scilicet</span> <span class='ocrx_word' id='word_1_347' title='bbox 1277 945 1375 1005; x_wconf 89' lang='lat' dir='ltr'>Pilato</span> <span class='ocrx_word' id='word_1_348' title='bbox 1392 957 1473 1008; x_wconf 89' lang='lat' dir='ltr'>totuin</span> 
     </span>
     <span class='ocr_line' id='line_1_64' title="bbox 891 1013 1474 1093; baseline 0.034 -31"><span class='ocrx_word' id='word_1_349' title='bbox 891 1017 1098 1080; x_wconf 76' lang='lat' dir='ltr'>imponeretur,</span> <span class='ocrx_word' id='word_1_350' title='bbox 1114 1017 1143 1068; x_wconf 87' lang='lat' dir='ltr'>et</span> <span class='ocrx_word' id='word_1_351' title='bbox 1158 1013 1211 1085; x_wconf 90' lang='lat' dir='ltr'>ipsi</span> <span class='ocrx_word' id='word_1_352' title='bbox 1227 1016 1375 1077; x_wconf 88' lang='lat' dir='ltr'>immunes</span> <span class='ocrx_word' id='word_1_353' title='bbox 1396 1039 1474 1093; x_wconf 86' lang='lat' dir='ltr'>repu·</span> 
     </span>
     <span class='ocr_line' id='line_1_65' title="bbox 891 1083 1473 1162; baseline 0.031 -29"><span class='ocrx_word' id='word_1_354' title='bbox 891 1083 1031 1138; x_wconf 87' lang='lat' dir='ltr'>tacentur.</span> <span class='ocrx_word' id='word_1_355' title='bbox 1056 1083 1255 1154; x_wconf 73' lang='lat' dir='ltr'>adducerent,</span> <span class='ocrx_word' id='word_1_356' title='bbox 1271 1087 1409 1162; x_wconf 86' lang='lat' dir='ltr'>iuquam,</span> <span class='ocrx_word' id='word_1_357' title='bbox 1424 1113 1473 1150; x_wconf 83' lang='lat' dir='ltr'>ean</span> 
     </span>
     <span class='ocr_line' id='line_1_66' title="bbox 890 1152 1472 1236; baseline 0.033 -32"><span class='ocrx_word' id='word_1_358' title='bbox 890 1152 1022 1233; x_wconf 76' lang='lat' dir='ltr'>vinetum,</span> <span class='ocrx_word' id='word_1_359' title='bbox 1043 1154 1152 1236; x_wconf 77' lang='lat' dir='ltr'>scilicet</span> <span class='ocrx_word' id='word_1_360' title='bbox 1176 1159 1309 1216; x_wconf 88' lang='lat' dir='ltr'>manibus</span> <span class='ocrx_word' id='word_1_361' title='bbox 1327 1171 1398 1234; x_wconf 87' lang='lat' dir='ltr'>post</span> <span class='ocrx_word' id='word_1_362' title='bbox 1420 1173 1472 1222; x_wconf 87' lang='lat' dir='ltr'>ter-</span> 
     </span>
     <span class='ocr_line' id='line_1_67' title="bbox 889 1223 1472 1296; baseline 0.031 -20"><span class='ocrx_word' id='word_1_363' title='bbox 889 1235 957 1292; x_wconf 83' lang='lat' dir='ltr'>gum</span> <span class='ocrx_word' id='word_1_364' title='bbox 972 1223 1077 1296; x_wconf 87' lang='lat' dir='ltr'>ligatis,</span> <span class='ocrx_word' id='word_1_365' title='bbox 1099 1233 1128 1282; x_wconf 90' lang='lat' dir='ltr'>et</span> <span class='ocrx_word' id='word_1_366' title='bbox 1147 1244 1212 1285; x_wconf 90' lang='lat' dir='ltr'>cum</span> <span class='ocrx_word' id='word_1_367' title='bbox 1227 1231 1327 1288; x_wconf 89' lang='lat' dir='ltr'>multis</span> <span class='ocrx_word' id='word_1_368' title='bbox 1348 1237 1472 1294; x_wconf 71' lang='lat' dir='ltr'>convitiis</span> 
     </span>
     <span class='ocr_line' id='line_1_68' title="bbox 888 1297 1472 1366; baseline 0.033 -19"><span class='ocrx_word' id='word_1_369' title='bbox 888 1309 922 1348; x_wconf 90' lang='lat' dir='ltr'>ac</span> <span class='ocrx_word' id='word_1_370' title='bbox 935 1297 1130 1366; x_wconf 74' lang='lat' dir='ltr'>contumeliis,</span> <span class='ocrx_word' id='word_1_371' title='bbox 1152 1305 1181 1356; x_wconf 89' lang='lat' dir='ltr'>et</span> <span class='ocrx_word' id='word_1_372' title='bbox 1205 1301 1311 1359; x_wconf 90' lang='lat' dir='ltr'>dicitur</span> <span class='ocrx_word' id='word_1_373' title='bbox 1331 1309 1472 1365; x_wconf 82' lang='lat' dir='ltr'>cetensio</span> 
     </span>
     <span class='ocr_line' id='line_1_69' title="bbox 889 1365 1471 1446; baseline 0.033 -27"><span class='ocrx_word' id='word_1_374' title='bbox 889 1365 961 1421; x_wconf 92' lang='lat' dir='ltr'>collo</span> <span class='ocrx_word' id='word_1_375' title='bbox 980 1367 1041 1438; x_wconf 87' lang='lat' dir='ltr'>ejus</span> <span class='ocrx_word' id='word_1_376' title='bbox 1056 1368 1159 1441; x_wconf 88' lang='lat' dir='ltr'>posita,</span> <span class='ocrx_word' id='word_1_377' title='bbox 1176 1387 1238 1444; x_wconf 79' lang='lat' dir='ltr'>quae</span> <span class='ocrx_word' id='word_1_378' title='bbox 1254 1380 1358 1446; x_wconf 85' lang='lat' dir='ltr'>postea</span> <span class='ocrx_word' id='word_1_379' title='bbox 1383 1391 1471 1438; x_wconf 86' lang='lat' dir='ltr'>osten·</span> 
     </span>
     <span class='ocr_line' id='line_1_70' title="bbox 888 1436 1471 1524; baseline 0.034 -34"><span class='ocrx_word' id='word_1_380' title='bbox 888 1436 1011 1520; x_wconf 84' lang='lat' dir='ltr'>debatur</span> <span class='ocrx_word' id='word_1_381' title='bbox 1023 1438 1052 1495; x_wconf 88' lang='lat' dir='ltr'>iii</span> <span class='ocrx_word' id='word_1_382' title='bbox 1066 1442 1226 1500; x_wconf 84' lang='lat' dir='ltr'>Jerusalem</span> <span class='ocrx_word' id='word_1_383' title='bbox 1245 1449 1413 1519; x_wconf 81' lang='lat' dir='ltr'>peregrinis</span> <span class='ocrx_word' id='word_1_384' title='bbox 1427 1471 1471 1524; x_wconf 81' lang='lat' dir='ltr'>pra</span> 
     </span>
     <span class='ocr_line' id='line_1_71' title="bbox 887 1506 1471 1590; baseline 0.034 -28"><span class='ocrx_word' id='word_1_385' title='bbox 887 1506 1039 1590; x_wconf 78' lang='lat' dir='ltr'>devotione</span> <span class='ocrx_word' id='word_1_386' title='bbox 1051 1518 1219 1586; x_wconf 87' lang='lat' dir='ltr'>magua,qui</span> <span class='ocrx_word' id='word_1_387' title='bbox 1228 1524 1256 1573; x_wconf 90' lang='lat' dir='ltr'>et</span> <span class='ocrx_word' id='word_1_388' title='bbox 1266 1517 1322 1590; x_wconf 91' lang='lat' dir='ltr'>ipsi</span> <span class='ocrx_word' id='word_1_389' title='bbox 1329 1523 1471 1582; x_wconf 85' lang='lat' dir='ltr'>submitte·</span> 
     </span>
     <span class='ocr_line' id='line_1_72' title="bbox 887 1579 1468 1664; baseline 0.031 -29"><span class='ocrx_word' id='word_1_390' title='bbox 887 1579 990 1636; x_wconf 88' lang='lat' dir='ltr'>bantio</span> <span class='ocrx_word' id='word_1_391' title='bbox 1003 1597 1037 1638; x_wconf 87' lang='lat' dir='ltr'>ea</span> <span class='ocrx_word' id='word_1_392' title='bbox 1049 1584 1122 1641; x_wconf 89' lang='lat' dir='ltr'>colla</span> <span class='ocrx_word' id='word_1_393' title='bbox 1133 1601 1194 1643; x_wconf 89' lang='lat' dir='ltr'>sua.</span> <span class='ocrx_word' id='word_1_394' title='bbox 1203 1589 1303 1660; x_wconf 88' lang='lat' dir='ltr'>Cogita</span> <span class='ocrx_word' id='word_1_395' title='bbox 1314 1608 1468 1664; x_wconf 89' lang='lat' dir='ltr'>nunc,ciim</span> 
     </span>
     <span class='ocr_line' id='line_1_73' title="bbox 888 1656 1469 1736; baseline 0.031 -30"><span class='ocrx_word' id='word_1_396' title='bbox 888 1658 993 1722; x_wconf 86' lang='lat' dir='ltr'>quanto</span> <span class='ocrx_word' id='word_1_397' title='bbox 1018 1656 1177 1736; x_wconf 39' lang='lat' dir='ltr'>&#39;opprobrio</span> <span class='ocrx_word' id='word_1_398' title='bbox 1205 1659 1336 1720; x_wconf 88' lang='lat' dir='ltr'>Christus</span> <span class='ocrx_word' id='word_1_399' title='bbox 1358 1666 1469 1724; x_wconf 89' lang='lat' dir='ltr'>ducitur</span> 
     </span>
     <span class='ocr_line' id='line_1_74' title="bbox 888 1725 1468 1806; baseline 0.038 -32"><span class='ocrx_word' id='word_1_400' title='bbox 888 1739 937 1804; x_wconf 74' lang='lat' dir='ltr'>per</span> <span class='ocrx_word' id='word_1_401' title='bbox 952 1725 1075 1806; x_wconf 79' lang='lat' dir='ltr'>medium</span> <span class='ocrx_word' id='word_1_402' title='bbox 1087 1727 1210 1787; x_wconf 88' lang='lat' dir='ltr'>civitatis</span> <span class='ocrx_word' id='word_1_403' title='bbox 1223 1733 1400 1806; x_wconf 86' lang='lat' dir='ltr'>Jerusalem,</span> <span class='ocrx_word' id='word_1_404' title='bbox 1410 1757 1468 1795; x_wconf 89' lang='lat' dir='ltr'>con·</span> 
     </span>
     <span class='ocr_line' id='line_1_75' title="bbox 885 1797 1467 1878; baseline 0.034 -31"><span class='ocrx_word' id='word_1_405' title='bbox 885 1797 1051 1878; x_wconf 80' lang='lat' dir='ltr'>vitiantibus</span> <span class='ocrx_word' id='word_1_406' title='bbox 1060 1799 1237 1873; x_wconf 90' lang='lat' dir='ltr'>principibus</span> <span class='ocrx_word' id='word_1_407' title='bbox 1246 1809 1430 1866; x_wconf 86' lang='lat' dir='ltr'>secerdotum</span> <span class='ocrx_word' id='word_1_408' title='bbox 1445 1817 1467 1867; x_wconf 83' lang='lat' dir='ltr'>ct</span> 
     </span>
     <span class='ocr_line' id='line_1_76' title="bbox 886 1865 1468 1944; baseline 0.033 -25"><span class='ocrx_word' id='word_1_409' title='bbox 886 1865 1049 1938; x_wconf 72' lang='lat' dir='ltr'>pharisaeis,</span> <span class='ocrx_word' id='word_1_410' title='bbox 1076 1878 1162 1944; x_wconf 90' lang='lat' dir='ltr'>atque</span> <span class='ocrx_word' id='word_1_411' title='bbox 1185 1873 1381 1935; x_wconf 86' lang='lat' dir='ltr'>dicentibus:</span> <span class='ocrx_word' id='word_1_412' title='bbox 1405 1883 1468 1938; x_wconf 80' lang='lat' dir='ltr'>veui</span> 
     </span>
     <span class='ocr_line' id='line_1_77' title="bbox 886 1936 1399 2022; baseline 0.029 -30"><span class='ocrx_word' id='word_1_413' title='bbox 886 1936 1033 1995; x_wconf 89' lang='lat' dir='ltr'>nobiscnm</span> <span class='ocrx_word' id='word_1_414' title='bbox 1047 1939 1131 2012; x_wconf 87' lang='lat' dir='ltr'>latro,</span> <span class='ocrx_word' id='word_1_415' title='bbox 1153 1949 1182 2001; x_wconf 89' lang='lat' dir='ltr'>et</span> <span class='ocrx_word' id='word_1_416' title='bbox 1196 1945 1336 2019; x_wconf 87' lang='lat' dir='ltr'>deceptor</span> <span class='ocrx_word' id='word_1_417' title='bbox 1361 1967 1399 2022; x_wconf 92' lang='lat' dir='ltr'>po</span> 
     </span>
    </p>
   </div>
   <div class='ocr_carea' id='block_1_4' title="bbox 881 1953 1468 2452">
    <p class='ocr_par' dir='ltr' id='par_1_5' title="bbox 881 1953 1468 2452">
     <span class='ocr_line' id='line_1_78' title="bbox 885 1953 1468 2092; baseline 0.034 -30"><span class='ocrx_word' id='word_1_418' title='bbox 885 2024 958 2089; x_wconf 79' lang='lat' dir='ltr'>nunc</span> <span class='ocrx_word' id='word_1_419' title='bbox 978 2014 1026 2092; x_wconf 83' lang='lat' dir='ltr'>tus</span> <span class='ocrx_word' id='word_1_420' title='bbox 1043 2013 1187 2072; x_wconf 81' lang='lat' dir='ltr'>maleficia</span> <span class='ocrx_word' id='word_1_421' title='bbox 1210 2017 1296 2074; x_wconf 89' lang='lat' dir='ltr'>tinem</span> <span class='ocrx_word' id='word_1_422' title='bbox 1322 1953 1468 2081; x_wconf 48' lang='lat' dir='ltr'>haoeffiliii</span> 
     </span>
     <span class='ocr_line' id='line_1_79' title="bbox 883 2080 1466 2166; baseline 0.033 -32"><span class='ocrx_word' id='word_1_423' title='bbox 883 2095 913 2135; x_wconf 90' lang='lat' dir='ltr'>in</span> <span class='ocrx_word' id='word_1_424' title='bbox 929 2080 1016 2138; x_wconf 86' lang='lat' dir='ltr'>brevi.</span> <span class='ocrx_word' id='word_1_425' title='bbox 1031 2084 1178 2142; x_wconf 85' lang='lat' dir='ltr'>Horrenda</span> <span class='ocrx_word' id='word_1_426' title='bbox 1191 2103 1310 2158; x_wconf 90' lang='lat' dir='ltr'>prorsus</span> <span class='ocrx_word' id='word_1_427' title='bbox 1324 2092 1466 2166; x_wconf 88' lang='lat' dir='ltr'>impietas,</span> 
     </span>
     <span class='ocr_line' id='line_1_80' title="bbox 884 2152 1465 2238; baseline 0.036 -34"><span class='ocrx_word' id='word_1_428' title='bbox 884 2165 947 2232; x_wconf 77' lang='lat' dir='ltr'>quae</span> <span class='ocrx_word' id='word_1_429' title='bbox 962 2152 1170 2235; x_wconf 75' lang='lat' dir='ltr'>tantisinjmiis</span> <span class='ocrx_word' id='word_1_430' title='bbox 1182 2159 1280 2218; x_wconf 88' lang='lat' dir='ltr'>satiari</span> <span class='ocrx_word' id='word_1_431' title='bbox 1295 2178 1356 2221; x_wconf 92' lang='lat' dir='ltr'>noii</span> <span class='ocrx_word' id='word_1_432' title='bbox 1365 2168 1465 2238; x_wconf 89' lang='lat' dir='ltr'>potuit,</span> 
     </span>
     <span class='ocr_line' id='line_1_81' title="bbox 882 2227 1464 2308; baseline 0.034 -33"><span class='ocrx_word' id='word_1_433' title='bbox 882 2237 951 2306; x_wconf 83' lang='lat' dir='ltr'>quin</span> <span class='ocrx_word' id='word_1_434' title='bbox 965 2237 1060 2306; x_wconf 80' lang='lat' dir='ltr'>potins</span> <span class='ocrx_word' id='word_1_435' title='bbox 1075 2227 1156 2284; x_wconf 88' lang='lat' dir='ltr'>serati</span> <span class='ocrx_word' id='word_1_436' title='bbox 1171 2230 1250 2288; x_wconf 85' lang='lat' dir='ltr'>rabie</span> <span class='ocrx_word' id='word_1_437' title='bbox 1265 2233 1406 2308; x_wconf 82' lang='lat' dir='ltr'>tremens,</span> <span class='ocrx_word' id='word_1_438' title='bbox 1421 2242 1464 2294; x_wconf 91' lang='lat' dir='ltr'>im·</span> 
     </span>
     <span class='ocr_line' id='line_1_82' title="bbox 881 2296 1464 2378; baseline 0.034 -31"><span class='ocrx_word' id='word_1_439' title='bbox 881 2307 927 2364; x_wconf 91' lang='lat' dir='ltr'>pio</span> <span class='ocrx_word' id='word_1_440' title='bbox 938 2296 1039 2365; x_wconf 76' lang='lat' dir='ltr'>judici,</span> <span class='ocrx_word' id='word_1_441' title='bbox 1050 2305 1194 2370; x_wconf 86' lang='lat' dir='ltr'>tamquam</span> <span class='ocrx_word' id='word_1_442' title='bbox 1204 2303 1304 2362; x_wconf 87' lang='lat' dir='ltr'>rabido</span> <span class='ocrx_word' id='word_1_443' title='bbox 1320 2309 1399 2378; x_wconf 89' lang='lat' dir='ltr'>cani,</span> <span class='ocrx_word' id='word_1_444' title='bbox 1410 2310 1464 2367; x_wconf 82' lang='lat' dir='ltr'>eni·</span> 
     </span>
     <span class='ocr_line' id='line_1_83' title="bbox 881 2367 1429 2452; baseline 0.036 -33"><span class='ocrx_word' id='word_1_445' title='bbox 881 2379 958 2422; x_wconf 89' lang='lat' dir='ltr'>mam</span> <span class='ocrx_word' id='word_1_446' title='bbox 969 2367 1038 2438; x_wconf 87' lang='lat' dir='ltr'>justi</span> <span class='ocrx_word' id='word_1_447' title='bbox 1057 2369 1271 2442; x_wconf 84' lang='lat' dir='ltr'>deglutiendam</span> <span class='ocrx_word' id='word_1_448' title='bbox 1287 2381 1429 2452; x_wconf 83' lang='lat' dir='ltr'>exposuit.</span> 
     </span>
    </p>
   </div>
   <div class='ocr_carea' id='block_1_5' title="bbox 860 2439 1462 4454">
    <p class='ocr_par' dir='ltr' id='par_1_6' title="bbox 860 2439 1462 4454">
     <span class='ocr_line' id='line_1_84' title="bbox 916 2439 1462 2510; baseline 0.037 -18"><span class='ocrx_word' id='word_1_449' title='bbox 916 2442 932 2504; x_wconf 76' lang='lat' dir='ltr'>q</span> <span class='ocrx_word' id='word_1_450' title='bbox 948 2439 1118 2498; x_wconf 79' lang='lat' dir='ltr'>Desrcnsrio</span> <span class='ocrx_word' id='word_1_451' title='bbox 1134 2461 1166 2500; x_wconf 83' lang='lat' dir='ltr'>icr</span> <span class='ocrx_word' id='word_1_452' title='bbox 1181 2462 1250 2503; x_wconf 82' lang='lat' dir='ltr'>uois</span> <span class='ocrx_word' id='word_1_453' title='bbox 1265 2465 1382 2509; x_wconf 78' lang='lat' dir='ltr'>rassiiia</span> <span class='ocrx_word' id='word_1_454' title='bbox 1395 2471 1462 2510; x_wconf 82' lang='lat' dir='ltr'>rno-</span> 
     </span>
     <span class='ocr_line' id='line_1_85' title="bbox 880 2515 1460 2598; baseline 0.036 -37"><span class='ocrx_word' id='word_1_455' title='bbox 880 2524 996 2565; x_wconf 89' lang='lat' dir='ltr'>oiroiiis.</span> <span class='ocrx_word' id='word_1_456' title='bbox 1018 2543 1052 2552; x_wconf 93' lang='lat'>—-</span> <span class='ocrx_word' id='word_1_457' title='bbox 1078 2515 1153 2572; x_wconf 83' lang='lat' dir='ltr'>Tunc</span> <span class='ocrx_word' id='word_1_458' title='bbox 1174 2519 1271 2574; x_wconf 81' lang='lat' dir='ltr'>videns</span> <span class='ocrx_word' id='word_1_459' title='bbox 1294 2523 1397 2590; x_wconf 79' lang='lat' dir='ltr'>ludos,</span> <span class='ocrx_word' id='word_1_460' title='bbox 1417 2526 1460 2598; x_wconf 90' lang='lat' dir='ltr'>qui</span> 
     </span>
     <span class='ocr_line' id='line_1_86' title="bbox 880 2583 1461 2656; baseline 0.034 -22"><span class='ocrx_word' id='word_1_461' title='bbox 880 2595 944 2637; x_wconf 91' lang='lat' dir='ltr'>eum</span> <span class='ocrx_word' id='word_1_462' title='bbox 964 2583 1090 2652; x_wconf 86' lang='lat' dir='ltr'>tradidit,</span> <span class='ocrx_word' id='word_1_463' title='bbox 1115 2589 1190 2656; x_wconf 83' lang='lat' dir='ltr'>qaod</span> <span class='ocrx_word' id='word_1_464' title='bbox 1211 2592 1296 2648; x_wconf 87' lang='lat' dir='ltr'>lesus</span> <span class='ocrx_word' id='word_1_465' title='bbox 1314 2593 1461 2652; x_wconf 50' lang='lat' dir='ltr'>&amp;mnatre</span> 
     </span>
     <span class='ocr_line' id='line_1_87' title="bbox 878 2655 1460 2734; baseline 0.034 -29"><span class='ocrx_word' id='word_1_466' title='bbox 878 2656 958 2722; x_wconf 82' lang='lat' dir='ltr'>esset,</span> <span class='ocrx_word' id='word_1_467' title='bbox 970 2655 1100 2734; x_wconf 32' lang='lat' dir='ltr'>&#39;concilio</span> <span class='ocrx_word' id='word_1_468' title='bbox 1116 2661 1297 2719; x_wconf 88' lang='lat' dir='ltr'>secerdotum</span> <span class='ocrx_word' id='word_1_469' title='bbox 1320 2671 1349 2721; x_wconf 90' lang='lat' dir='ltr'>et</span> <span class='ocrx_word' id='word_1_470' title='bbox 1368 2669 1460 2724; x_wconf 86' lang='lat' dir='ltr'>senio·</span> 
     </span>
     <span class='ocr_line' id='line_1_88' title="bbox 878 2726 1461 2805; baseline 0.033 -28"><span class='ocrx_word' id='word_1_471' title='bbox 878 2738 952 2805; x_wconf 83' lang='lat' dir='ltr'>rum,</span> <span class='ocrx_word' id='word_1_472' title='bbox 969 2726 996 2780; x_wconf 90' lang='lat' dir='ltr'>id</span> <span class='ocrx_word' id='word_1_473' title='bbox 1011 2731 1054 2782; x_wconf 89' lang='lat' dir='ltr'>est</span> <span class='ocrx_word' id='word_1_474' title='bbox 1068 2729 1245 2789; x_wconf 82' lang='lat' dir='ltr'>damnationi</span> <span class='ocrx_word' id='word_1_475' title='bbox 1264 2740 1293 2791; x_wconf 91' lang='lat' dir='ltr'>et</span> <span class='ocrx_word' id='word_1_476' title='bbox 1312 2740 1399 2795; x_wconf 90' lang='lat' dir='ltr'>morti</span> <span class='ocrx_word' id='word_1_477' title='bbox 1413 2741 1461 2796; x_wconf 84' lang='lat' dir='ltr'>ad-</span> 
     </span>
     <span class='ocr_line' id='line_1_89' title="bbox 874 2796 1460 2868; baseline 0.036 -20"><span class='ocrx_word' id='word_1_478' title='bbox 874 2796 1039 2864; x_wconf 70' lang='lat' dir='ltr'>judicatus,</span> <span class='ocrx_word' id='word_1_479' title='bbox 1056 2805 1232 2860; x_wconf 90' lang='lat' dir='ltr'>consuetudo</span> <span class='ocrx_word' id='word_1_480' title='bbox 1247 2806 1324 2863; x_wconf 89' lang='lat' dir='ltr'>enini</span> <span class='ocrx_word' id='word_1_481' title='bbox 1338 2815 1403 2866; x_wconf 86' lang='lat' dir='ltr'>erat</span> <span class='ocrx_word' id='word_1_482' title='bbox 1418 2815 1460 2868; x_wconf 90' lang='lat' dir='ltr'>lu·</span> 
     </span>
     <span class='ocr_line' id='line_1_90' title="bbox 877 2865 1458 2954; baseline 0.034 -34"><span class='ocrx_word' id='word_1_483' title='bbox 877 2865 1015 2932; x_wconf 72' lang='lat' dir='ltr'>deorum,</span> <span class='ocrx_word' id='word_1_484' title='bbox 1029 2875 1064 2950; x_wconf 79' lang='lat' dir='ltr'>¹ul</span> <span class='ocrx_word' id='word_1_485' title='bbox 1075 2887 1160 2942; x_wconf 90' lang='lat' dir='ltr'>quem</span> <span class='ocrx_word' id='word_1_486' title='bbox 1175 2885 1256 2932; x_wconf 88' lang='lat' dir='ltr'>reum</span> <span class='ocrx_word' id='word_1_487' title='bbox 1272 2881 1375 2937; x_wconf 89' lang='lat' dir='ltr'>mortis</span> <span class='ocrx_word' id='word_1_488' title='bbox 1384 2884 1458 2954; x_wconf 89' lang='lat' dir='ltr'>judi·</span> 
     </span>
     <span class='ocr_line' id='line_1_91' title="bbox 875 2945 1460 3024; baseline 0.036 -33"><span class='ocrx_word' id='word_1_489' title='bbox 875 2945 1133 3006; x_wconf 84' lang='lat' dir='ltr'>cassent,vinctum</span> <span class='ocrx_word' id='word_1_490' title='bbox 1143 2945 1460 3024; x_wconf 81' lang='lat' dir='ltr'>Praesiditraderent‚ut</span> 
     </span>
     <span class='ocr_line' id='line_1_92' title="bbox 874 3007 1458 3094; baseline 0.031 -31"><span class='ocrx_word' id='word_1_491' title='bbox 874 3007 942 3091; x_wconf 85' lang='lat' dir='ltr'>dum</span> <span class='ocrx_word' id='word_1_492' title='bbox 957 3025 1063 3094; x_wconf 74' lang='lat' dir='ltr'>preses</span> <span class='ocrx_word' id='word_1_493' title='bbox 1075 3016 1201 3074; x_wconf 84' lang='lat' dir='ltr'>vinctum</span> <span class='ocrx_word' id='word_1_494' title='bbox 1226 3024 1350 3089; x_wconf 87' lang='lat' dir='ltr'>teneret,</span> <span class='ocrx_word' id='word_1_495' title='bbox 1374 3029 1458 3083; x_wconf 91' lang='lat' dir='ltr'>morti</span> 
     </span>
     <span class='ocr_line' id='line_1_93' title="bbox 874 3079 1459 3163; baseline 0.034 -29"><span class='ocrx_word' id='word_1_496' title='bbox 874 3079 1020 3138; x_wconf 89' lang='lat' dir='ltr'>addictum</span> <span class='ocrx_word' id='word_1_497' title='bbox 1031 3085 1203 3158; x_wconf 80' lang='lat' dir='ltr'>intelligeret</span> <span class='ocrx_word' id='word_1_498' title='bbox 1212 3108 1221 3160; x_wconf 81' lang='lat'>3</span> <span class='ocrx_word' id='word_1_499' title='bbox 1230 3097 1396 3163; x_wconf 79' lang='lat' dir='ltr'>penitentie</span> <span class='ocrx_word' id='word_1_500' title='bbox 1412 3099 1459 3153; x_wconf 88' lang='lat' dir='ltr'>dn·</span> 
     </span>
     <span class='ocr_line' id='line_1_94' title="bbox 874 3152 1457 3236; baseline 0.038 -31"><span class='ocrx_word' id='word_1_501' title='bbox 874 3157 944 3220; x_wconf 84' lang='lat' dir='ltr'>etas,</span> <span class='ocrx_word' id='word_1_502' title='bbox 970 3152 1147 3236; x_wconf 84' lang='lat' dir='ltr'>infructuosa</span> <span class='ocrx_word' id='word_1_503' title='bbox 1168 3165 1276 3233; x_wconf 89' lang='lat' dir='ltr'>tamen,</span> <span class='ocrx_word' id='word_1_504' title='bbox 1304 3166 1374 3236; x_wconf 84' lang='lat' dir='ltr'>quis</span> <span class='ocrx_word' id='word_1_505' title='bbox 1396 3169 1457 3226; x_wconf 84' lang='lat' dir='ltr'>sine</span> 
     </span>
     <span class='ocr_line' id='line_1_95' title="bbox 873 3235 1457 3307; baseline 0.041 -33"><span class='ocrx_word' id='word_1_506' title='bbox 873 3237 921 3294; x_wconf 86' lang='lat' dir='ltr'>spe</span> <span class='ocrx_word' id='word_1_507' title='bbox 939 3240 1028 3282; x_wconf 77' lang='lat' dir='ltr'>venire</span> <span class='ocrx_word' id='word_1_508' title='bbox 1043 3237 1115 3298; x_wconf 88' lang='lat' dir='ltr'>erat,</span> <span class='ocrx_word' id='word_1_509' title='bbox 1130 3235 1228 3289; x_wconf 82' lang='lat' dir='ltr'>retulit</span> <span class='ocrx_word' id='word_1_510' title='bbox 1244 3237 1381 3307; x_wconf 89' lang='lat' dir='ltr'>pretium,</span> <span class='ocrx_word' id='word_1_511' title='bbox 1398 3241 1457 3296; x_wconf 89' lang='lat' dir='ltr'>sci-</span> 
     </span>
     <span class='ocr_line' id='line_1_96' title="bbox 872 3291 1456 3383; baseline 0.036 -35"><span class='ocrx_word' id='word_1_512' title='bbox 872 3291 939 3350; x_wconf 89' lang='lat' dir='ltr'>licet</span> <span class='ocrx_word' id='word_1_513' title='bbox 964 3300 1081 3366; x_wconf 78' lang='lat' dir='ltr'>tripimo</span> <span class='ocrx_word' id='word_1_514' title='bbox 1105 3310 1258 3374; x_wconf 67' lang='lat' dir='ltr'>argenteos,</span> <span class='ocrx_word' id='word_1_515' title='bbox 1281 3312 1456 3383; x_wconf 82' lang='lat' dir='ltr'>principibus</span> 
     </span>
     <span class='ocr_line' id='line_1_97' title="bbox 872 3368 1457 3455; baseline 0.038 -36"><span class='ocrx_word' id='word_1_516' title='bbox 872 3368 1043 3424; x_wconf 85' lang='lat' dir='ltr'>secerdotum</span> <span class='ocrx_word' id='word_1_517' title='bbox 1053 3376 1079 3426; x_wconf 86' lang='lat' dir='ltr'>et</span> <span class='ocrx_word' id='word_1_518' title='bbox 1092 3377 1245 3432; x_wconf 71' lang='lat' dir='ltr'>senioribus</span> <span class='ocrx_word' id='word_1_519' title='bbox 1251 3380 1361 3451; x_wconf 91' lang='lat' dir='ltr'>populi,</span> <span class='ocrx_word' id='word_1_520' title='bbox 1372 3399 1390 3439; x_wconf 90' lang='lat' dir='ltr'>a</span> <span class='ocrx_word' id='word_1_521' title='bbox 1400 3384 1457 3455; x_wconf 89' lang='lat' dir='ltr'>qui·</span> 
     </span>
     <span class='ocr_line' id='line_1_98' title="bbox 873 3437 1456 3522; baseline 0.034 -30"><span class='ocrx_word' id='word_1_522' title='bbox 873 3437 925 3494; x_wconf 90' lang='lat' dir='ltr'>bus</span> <span class='ocrx_word' id='word_1_523' title='bbox 943 3439 1017 3496; x_wconf 89' lang='lat' dir='ltr'>male</span> <span class='ocrx_word' id='word_1_524' title='bbox 1032 3457 1080 3497; x_wconf 88' lang='lat' dir='ltr'>eos</span> <span class='ocrx_word' id='word_1_525' title='bbox 1092 3453 1250 3518; x_wconf 85' lang='lat' dir='ltr'>acceperat,</span> <span class='ocrx_word' id='word_1_526' title='bbox 1267 3452 1351 3522; x_wconf 90' lang='lat' dir='ltr'>quasi</span> <span class='ocrx_word' id='word_1_527' title='bbox 1368 3455 1397 3510; x_wconf 91' lang='lat' dir='ltr'>iii</span> <span class='ocrx_word' id='word_1_528' title='bbox 1408 3471 1456 3511; x_wconf 81' lang='lat' dir='ltr'>sui</span> 
     </span>
     <span class='ocr_line' id='line_1_99' title="bbox 870 3515 1456 3588; baseline 0.036 -25"><span class='ocrx_word' id='word_1_529' title='bbox 870 3515 1011 3579; x_wconf 89' lang='lat' dir='ltr'>potestate</span> <span class='ocrx_word' id='word_1_530' title='bbox 1024 3521 1098 3570; x_wconf 89' lang='lat' dir='ltr'>esset</span> <span class='ocrx_word' id='word_1_531' title='bbox 1112 3525 1329 3588; x_wconf 89' lang='lat' dir='ltr'>persecutorum</span> <span class='ocrx_word' id='word_1_532' title='bbox 1343 3531 1456 3583; x_wconf 86' lang='lat' dir='ltr'>senten·</span> 
     </span>
     <span class='ocr_line' id='line_1_100' title="bbox 870 3581 1453 3679; baseline 0.034 -45"><span class='ocrx_word' id='word_1_533' title='bbox 870 3581 939 3636; x_wconf 87' lang='lat' dir='ltr'>tiam</span> <span class='ocrx_word' id='word_1_534' title='bbox 954 3588 1075 3664; x_wconf 79' lang='lat' dir='ltr'>mutare,</span> <span class='ocrx_word' id='word_1_535' title='bbox 1091 3592 1120 3642; x_wconf 92' lang='lat' dir='ltr'>et</span> <span class='ocrx_word' id='word_1_536' title='bbox 1142 3590 1222 3659; x_wconf 88' lang='lat' dir='ltr'>quasi</span> <span class='ocrx_word' id='word_1_537' title='bbox 1238 3592 1340 3650; x_wconf 89' lang='lat' dir='ltr'>eodem</span> <span class='ocrx_word' id='word_1_538' title='bbox 1361 3603 1453 3679; x_wconf 88' lang='lat' dir='ltr'>pretio</span> 
     </span>
     <span class='ocr_line' id='line_1_101' title="bbox 869 3653 1454 3725; baseline 0.031 -18"><span class='ocrx_word' id='word_1_539' title='bbox 869 3665 927 3722; x_wconf 92' lang='lat' dir='ltr'>quo</span> <span class='ocrx_word' id='word_1_540' title='bbox 947 3653 1089 3712; x_wconf 87' lang='lat' dir='ltr'>Christum</span> <span class='ocrx_word' id='word_1_541' title='bbox 1110 3659 1264 3720; x_wconf 87' lang='lat' dir='ltr'>Dominum</span> <span class='ocrx_word' id='word_1_542' title='bbox 1284 3667 1454 3725; x_wconf 83' lang='lat' dir='ltr'>vendiderit</span> 
     </span>
     <span class='ocr_line' id='line_1_102' title="bbox 867 3729 1452 3810; baseline 0.034 -33"><span class='ocrx_word' id='word_1_543' title='bbox 867 3729 964 3794; x_wconf 89' lang='lat' dir='ltr'>posset</span> <span class='ocrx_word' id='word_1_544' title='bbox 993 3741 1057 3808; x_wconf 81' lang='lat' dir='ltr'>eum</span> <span class='ocrx_word' id='word_1_545' title='bbox 1074 3729 1238 3810; x_wconf 71' lang='lat' dir='ltr'>redimere.</span> <span class='ocrx_word' id='word_1_546' title='bbox 1269 3737 1351 3794; x_wconf 85' lang='lat' dir='ltr'>Multi</span> <span class='ocrx_word' id='word_1_547' title='bbox 1378 3741 1452 3796; x_wconf 88' lang='lat' dir='ltr'>enim</span> 
     </span>
     <span class='ocr_line' id='line_1_103' title="bbox 868 3798 1453 3884; baseline 0.032 -35"><span class='ocrx_word' id='word_1_548' title='bbox 868 3801 986 3864; x_wconf 89' lang='lat' dir='ltr'>possunt</span> <span class='ocrx_word' id='word_1_549' title='bbox 997 3798 1081 3880; x_wconf 78' lang='lat' dir='ltr'>alicui</span> <span class='ocrx_word' id='word_1_550' title='bbox 1099 3803 1175 3860; x_wconf 87' lang='lat' dir='ltr'>mala</span> <span class='ocrx_word' id='word_1_551' title='bbox 1191 3809 1453 3884; x_wconf 63' lang='lat' dir='ltr'>persuadereque</span> 
     </span>
     <span class='ocr_line' id='line_1_104' title="bbox 865 3871 1451 3955; baseline 0.032 -35"><span class='ocrx_word' id='word_1_552' title='bbox 865 3871 960 3923; x_wconf 87' lang='lat' dir='ltr'>tamen</span> <span class='ocrx_word' id='word_1_553' title='bbox 977 3875 1141 3940; x_wconf 74' lang='lat' dir='ltr'>paenitentia</span> <span class='ocrx_word' id='word_1_554' title='bbox 1151 3874 1227 3932; x_wconf 89' lang='lat' dir='ltr'>ducti</span> <span class='ocrx_word' id='word_1_555' title='bbox 1236 3883 1299 3950; x_wconf 88' lang='lat' dir='ltr'>post</span> <span class='ocrx_word' id='word_1_556' title='bbox 1314 3895 1375 3938; x_wconf 89' lang='lat' dir='ltr'>non</span> <span class='ocrx_word' id='word_1_557' title='bbox 1390 3891 1451 3955; x_wconf 94' lang='lat' dir='ltr'>pot-</span> 
     </span>
     <span class='ocr_line' id='line_1_105' title="bbox 865 3940 1451 4017; baseline 0.031 -26"><span class='ocrx_word' id='word_1_558' title='bbox 865 3945 967 3995; x_wconf 90' lang='lat' dir='ltr'>uerunt</span> <span class='ocrx_word' id='word_1_559' title='bbox 997 3940 1187 4017; x_wconf 89' lang='lat' dir='ltr'>dissuadere,</span> <span class='ocrx_word' id='word_1_560' title='bbox 1214 3950 1257 4004; x_wconf 78' lang='lat' dir='ltr'>uel</span> <span class='ocrx_word' id='word_1_561' title='bbox 1284 3949 1315 4006; x_wconf 92' lang='lat' dir='ltr'>in</span> <span class='ocrx_word' id='word_1_562' title='bbox 1344 3953 1451 4011; x_wconf 91' lang='lat' dir='ltr'>bonum</span> 
     </span>
     <span class='ocr_line' id='line_1_106' title="bbox 864 4015 1451 4092; baseline 0.029 -29"><span class='ocrx_word' id='word_1_563' title='bbox 864 4017 1037 4092; x_wconf 78' lang='lat' dir='ltr'>convertere.</span> <span class='ocrx_word' id='word_1_564' title='bbox 1060 4015 1087 4071; x_wconf 90' lang='lat' dir='ltr'>Si</span> <span class='ocrx_word' id='word_1_565' title='bbox 1113 4032 1181 4090; x_wconf 86' lang='lat' dir='ltr'>ergo</span> <span class='ocrx_word' id='word_1_566' title='bbox 1208 4021 1297 4078; x_wconf 86' lang='lat' dir='ltr'>ludas</span> <span class='ocrx_word' id='word_1_567' title='bbox 1321 4027 1451 4082; x_wconf 87' lang='lat' dir='ltr'>restituit</span> 
     </span>
     <span class='ocr_line' id='line_1_107' title="bbox 864 4085 1452 4166; baseline 0.034 -32"><span class='ocrx_word' id='word_1_568' title='bbox 864 4096 1012 4150; x_wconf 88' lang='lat' dir='ltr'>pecuniam</span> <span class='ocrx_word' id='word_1_569' title='bbox 1022 4085 1105 4166; x_wconf 32' lang='lat' dir='ltr'>‚male</span> <span class='ocrx_word' id='word_1_570' title='bbox 1128 4089 1309 4162; x_wconf 90' lang='lat' dir='ltr'>acquisitam,</span> <span class='ocrx_word' id='word_1_571' title='bbox 1326 4110 1452 4166; x_wconf 90' lang='lat' dir='ltr'>quomo·</span> 
     </span>
     <span class='ocr_line' id='line_1_108' title="bbox 863 4153 1451 4230; baseline 0.034 -24"><span class='ocrx_word' id='word_1_572' title='bbox 863 4153 898 4208; x_wconf 92' lang='lat' dir='ltr'>do</span> <span class='ocrx_word' id='word_1_573' title='bbox 918 4169 1064 4213; x_wconf 87' lang='lat' dir='ltr'>usurarius</span> <span class='ocrx_word' id='word_1_574' title='bbox 1083 4165 1161 4217; x_wconf 87' lang='lat' dir='ltr'>tenet</span> <span class='ocrx_word' id='word_1_575' title='bbox 1175 4177 1302 4230; x_wconf 85' lang='lat' dir='ltr'>usuram,</span> <span class='ocrx_word' id='word_1_576' title='bbox 1317 4171 1347 4223; x_wconf 89' lang='lat' dir='ltr'>et</span> <span class='ocrx_word' id='word_1_577' title='bbox 1363 4167 1451 4224; x_wconf 90' lang='lat' dir='ltr'>simo·</span> 
     </span>
     <span class='ocr_line' id='line_1_109' title="bbox 862 4221 1450 4312; baseline 0.032 -34"><span class='ocrx_word' id='word_1_578' title='bbox 862 4221 973 4308; x_wconf 41' lang='lat' dir='ltr'>niseus·</span> <span class='ocrx_word' id='word_1_579' title='bbox 992 4227 1187 4302; x_wconf 79' lang='lat' dir='ltr'>praebendam,</span> <span class='ocrx_word' id='word_1_580' title='bbox 1203 4234 1247 4290; x_wconf 83' lang='lat' dir='ltr'>vet</span> <span class='ocrx_word' id='word_1_581' title='bbox 1275 4235 1450 4312; x_wconf 83' lang='lat' dir='ltr'>quicumque</span> 
     </span>
     <span class='ocr_line' id='line_1_110' title="bbox 861 4295 1451 4382; baseline 0.027 -32"><span class='ocrx_word' id='word_1_582' title='bbox 861 4310 921 4352; x_wconf 90' lang='lat' dir='ltr'>rem</span> <span class='ocrx_word' id='word_1_583' title='bbox 936 4295 1084 4381; x_wconf 79' lang='lat' dir='ltr'>alienam?</span> <span class='ocrx_word' id='word_1_584' title='bbox 1098 4303 1242 4362; x_wconf 85' lang='lat' dir='ltr'>Credibile</span> <span class='ocrx_word' id='word_1_585' title='bbox 1254 4311 1401 4382; x_wconf 90' lang='lat' dir='ltr'>estquod,</span> <span class='ocrx_word' id='word_1_586' title='bbox 1415 4311 1451 4366; x_wconf 86' lang='lat' dir='ltr'>ta·</span> 
     </span>
     <span class='ocr_line' id='line_1_111' title="bbox 860 4371 1447 4454; baseline 0.022 -31"><span class='ocrx_word' id='word_1_587' title='bbox 860 4371 889 4423; x_wconf 90' lang='lat' dir='ltr'>ta</span> <span class='ocrx_word' id='word_1_588' title='bbox 908 4373 1049 4429; x_wconf 87' lang='lat' dir='ltr'>sententia</span> <span class='ocrx_word' id='word_1_589' title='bbox 1064 4377 1166 4432; x_wconf 90' lang='lat' dir='ltr'>contra</span> <span class='ocrx_word' id='word_1_590' title='bbox 1180 4375 1335 4454; x_wconf 88' lang='lat' dir='ltr'>Christum,</span> <span class='ocrx_word' id='word_1_591' title='bbox 1346 4380 1389 4439; x_wconf 90' lang='lat' dir='ltr'>illi</span> <span class='ocrx_word' id='word_1_592' title='bbox 1400 4381 1447 4454; x_wconf 89' lang='lat' dir='ltr'>qni</span> 
     </span>
    </p>
   </div>
   <div class='ocr_carea' id='block_1_6' title="bbox 0 0 1522 5042">
    <p class='ocr_par' dir='ltr' id='par_1_7' title="bbox 0 0 1522 5042">
     <span class='ocr_line' id='line_1_112' title="bbox 0 0 1522 5042; baseline 0 11"><span class='ocrx_word' id='word_1_593' title='bbox 0 0 1522 5042; x_wconf 95' lang='lat' dir='ltr'> </span> 
     </span>
    </p>
   </div>
  </div>
 </body>
</html>
