3124 5038
202 439 249 491 tuo
541 437 698 491 secutum
726 435 850 492 Pluris
876 435 982 491 ullor
1009 436 1096 490 lxm

201 541 295 614 gendo
310 542 388 602 exire
405 543 441 602 de
455 543 582 602 mundo:
600 563 614 595 u
630 543 788 601 haecltedu.
846 541 995 615 principio.
1004 544 1133 616 Namque
1142 541 1236 600 bonus
1244 542 1369 618 Angelus
1381 541 1430 599 :in

203 617 261 670 Hoc
273 619 370 672 tamen
388 616 472 673 aliter
492 620 520 672 et
534 614 619 672 aliter
639 615 701 682 luit,
721 615 790 688 quie
844 614 984 688 principio
992 619 1128 687 torretes
1137 631 1189 672 suo
1198 615 1362 688 fulgore3in
1371 629 1432 670 me·

204 685 469 745 iutlesurrectioue
493 687 593 744 habuit
608 703 712 760 corpus
730 687 790 760 glo·
846 688 892 743 dio
919 687 1072 758 confortet,
1101 703 1135 744 ex
1161 701 1213 745 sue
1239 688 1429 754 allocutione3

204 759 325 828 riosum,
342 757 388 816 cul
416 759 494 816 eliud
519 775 576 815 uon
592 758 718 828 resistit3
740 758 790 816 sed
846 758 876 815 in
892 758 949 816 tlne
964 757 1100 824 laetitlcet,
1118 775 1152 816 ex
1171 758 1300 818 immissa
1319 773 1432 816 conso-

204 829 296 886 exitus
311 831 347 886 de
362 837 443 887 utero
457 830 644 888 miraculosus
659 833 721 890 tuit.
737 831 792 888 Ubi
847 831 962 888 latione.
979 831 1069 888 Malus
1083 835 1179 888 eutem
1192 832 1313 906 angelus
1328 847 1345 888 c
1359 845 1430 886 con·

205 907 271 958 note
288 903 366 974 quod
391 902 504 959 cuidam
531 905 671 961 monacho
699 901 790 960 sancti
847 901 1434 976 verso:inprincipioterret,exsuehoo-

204 973 348 1030 Laurentii
364 975 462 1032 Romu
481 979 561 1031 extre
577 991 674 1033 muros
698 975 790 1033 edmi-
846 973 923 1032 ribili
939 990 1021 1044 roce;
1036 973 1066 1031 tn
1083 975 1177 1032 medio
1191 974 1253 1032 deci
1274 975 1307 1044 it,
1323 990 1358 1031 ex
1374 972 1433 1030 lul·

206 1043 281 1101 renti
296 1045 439 1116 quomodo
462 1045 605 1116 Christus,
621 1047 715 1105 clauso
745 1062 791 1104 se·
847 1045 900 1104 leci
919 1045 1122 1119 promissione3
1143 1049 1172 1103 et
1190 1045 1221 1103 iu
1266 1063 1303 1104 ne
1321 1043 1432 1104 contri·

206 1115 335 1198 pulchro,
351 1115 431 1174 exire
444 1118 580 1191 potuerit,
596 1117 721 1192 cingulo,
734 1133 790 1191 quo
848 1123 915 1188 stet,
930 1134 963 1175 ex
977 1119 1129 1176 subsecuta
1143 1117 1320 1190 deceptione.

205 1191 316 1244 cinctus
330 1193 393 1246 eret
409 1189 551 1247 resolutus
564 1189 690 1264 dilapsus
703 1193 747 1248 est
764 1193 793 1246 et
884 1195 900 1246 8
917 1192 1010 1248 vunnu
1028 1207 1178 1254 mensuris
1192 1192 1307 1248 Ancum.
1327 1217 1361 1232 -
1376 1193 1434 1248 uo·

207 1274 258 1315 vox
273 1259 302 1316 in
318 1275 385 1318 aere
400 1261 476 1318 tecte
492 1265 552 1318 est:
848 1263 985 1390 {pondleos
1007 1267 1098 1319 cutem
1107 1263 1247 1392 ffAligetes
1264 1261 1433 1389 goulierum

270 1369 275 1382 ·
381 1369 387 1382 ·
476 1369 483 1383 ·
759 1371 765 1384 .
860 1333 1248 1406 relationieteectins,
1283 1336 1432 1390 emtus:

242 1369 290 1426 ⁸²⁶
305 1371 399 1442 „n
416 1368 552 1442 ⁶⁶“⁸‘²“’
569 1369 795 1516 “suctu
850 1349 1251 1550 stultesceret
1269 1405 1434 1536 ruitur

210 1546 309 1620 Igitur,
331 1551 364 1605 ut
381 1546 450 1606 dicit
471 1549 630 1620 Gregorius,
661 1549 795 1608 mulieres
848 1547 890 1605 illi
904 1549 953 1622 qui
969 1566 1026 1606 non
1041 1555 1141 1608 emunt
1153 1549 1307 1606 adrentum
1322 1563 1432 1621 super-

206 1619 456 1692 Annelosvideut,
506 1622 793 1680 aecnmaromatibus
850 1637 952 1679 norum
962 1621 1298 1693 civium3pertimescsnt
1309 1620 1359 1693 qui
1370 1635 1434 1678 cer·

207 1693 441 1774 venerunt,·qnie
461 1636 518 1750 ffllae
538 1699 635 1751 mente
654 1709 793 1766 supernos
849 1693 963 1750 nulibus
985 1693 1136 1750 desideriis
1154 1695 1256 1766 pressi,
1271 1691 1309 1748 ed
1330 1707 1433 1749 eorum

207 1763 284 1818 cives
305 1770 461 1834 aspiciunt,
483 1779 628 1836 quaecum
654 1767 793 1824 virtutum

209 1833 346 1891 odoribus
362 1835 397 1890 ed
411 1837 500 1892 Deum
526 1852 577 1908 per
596 1841 696 1894 sancto
711 1839 792 1894 desl-

209 1905 290 1962 derie
303 1905 533 1978 proficiscuntur.

244 2001 259 2050 7
275 1979 415 2035 Asuccrns
431 1979 535 2036 Arucci
551 1997 584 2036 nr
599 1998 682 2038 sinon
696 1998 791 2038 uncis-

210 2065 275 2106 uou·
293 2081 322 2091 -
342 2052 375 2106 Et
387 2051 792 2127 describiturbngelus,espe·

212 2125 259 2178 clu
273 2121 403 2195 fulgureo
432 2129 461 2180 et
477 2123 578 2181 vestitu
593 2125 737 2182 candido:
760 2131 792 2182 ut

209 2199 326 2266 aspectu
341 2194 432 2252 malos
447 2201 564 2266 torreat,
579 2201 608 2253 et
620 2197 722 2254 vestitu
738 2198 790 2254 bo-

210 2282 263 2322 nos
282 2265 406 2323 mulceat
425 2268 462 2324 ed
485 2268 660 2325 credendum
686 2269 790 2327 Christi

208 2337 482 2408 Resurrectionem
507 2341 594 2396 timor
610 2341 687 2396 enim
713 2345 740 2396 et
760 2358 789 2397 a·

208 2423 272 2465 mor
284 2409 390 2464 debent
403 2409 544 2467 inclinare
554 2412 591 2467 ed
604 2411 790 2468 credendum.

205 2483 275 2536 Erut
294 2485 386 2534 autem
401 2487 531 2552 aspectus
550 2484 621 2550 ejus,
643 2485 716 2538 sicut
730 2485 790 2550 ful·

209 2567 272 2631 pur,
282 2549 349 2631 quie
359 2551 445 2606 tocies
459 2553 521 2623 ejus
531 2551 681 2610 videbatur
695 2552 790 2624 ignee,

209 2621 790 2694 sdincutiendumterroremcustodibus;

209 2699 235 2748 et
246 2695 435 2748 vestimentum
446 2695 505 2764 ejus
516 2698 588 2752 stood
600 2699 661 2760 uic,
678 2697 714 2754 ed
725 2697 792 2754 dau·

210 2764 277 2820 ilum
292 2763 517 2846 consolationem
530 2766 707 2825 mulieribus.
728 2769 790 2825 Ful-

208 2851 261 2908 gor
274 2851 353 2892 euim
368 2843 507 2894 terrorem
522 2839 633 2896 timoris
648 2841 765 2897 denotat
781 2857 788 2913 ;

209 2909 316 2965 cendor
343 2923 410 2966 vero
430 2911 516 2967 vestis
538 2911 671 2983 gandium
693 2911 790 2970 Domi·

209 2979 283 3036 nicae
297 2981 524 3040 Resurrectionis
539 2983 696 3040 denuntiet.
712 2985 789 3040 Unde

209 3068 277 3108 usus
289 3053 422 3110 Ecclesiae
449 3056 544 3124 babet,
561 3061 592 3111 ut
607 3071 641 3112 eo
660 3063 790 3128 tempore

207 3123 237 3180 in
252 3123 377 3182 Ecclesia
396 3127 424 3181 in
436 3126 508 3184 ulbis
522 3127 667 3200 psollent3
683 3133 711 3183 et
725 3144 790 3186 con·

207 3196 327 3252 suetudo
343 3201 386 3252 est
401 3197 560 3256 l’alaestinis
572 3199 634 3255 dies
648 3199 735 3256 tostos
748 3216 791 3256 ce-

207 3267 397 3338 lebrantibus,
419 3276 450 3327 ul
463 3271 528 3329 albe
542 3271 713 3328 vestimento
745 3271 790 3328 iu-

209 3339 308 3397 duunt.
326 3341 445 3413 Propter
463 3343 538 3414 quod
565 3343 714 3402 subditur:
732 3346 792 3401 Pree

209 3415 305 3469 timore
318 3418 419 3482 cutem,
439 3419 468 3470 et
482 3415 592 3484 fulgore
611 3416 706 3472 rullus
720 3416 790 3484 ejus,

207 3487 336 3540 exterriti
347 3491 412 3540 suut
438 3489 572 3552 custodes,
588 3491 617 3542 el
642 3487 791 3558 stupefacti

205 3554 297 3612 instar
326 3561 504 3612 mortuorum
535 3558 664 3628 jacentes
690 3576 698 3614 ι
726 3575 791 3617 ecce

207 3627 352 3753 puomodo
372 3627 463 3685 melos
478 3627 590 3697 terruit,
605 3634 634 3685 et
648 3627 689 3686 eis
704 3629 792 3688 durus

221 3697 272 3756 uit.
283 3697 333 3755 Ubi
345 3699 385 3756 ult
395 3701 545 3757 Robouus:
558 3719 573 3754 u
587 3699 706 3758 Tinioris
716 3703 793 3758 anri-

208 3773 284 3850 etete
301 3779 368 3826 suut
382 3772 519 3840 exterriti,
536 3771 584 3844 qui
600 3775 705 3830 amoris
719 3774 791 3830 tldu·

211 3855 284 3896 cism
301 3857 358 3900 nou
378 3843 531 3914 habebant,
548 3851 573 3900 et
585 3847 656 3912 souti
670 3851 734 3902 sunt
748 3862 792 3900 oc-

210 3912 251 3967 lut
264 3916 377 3982 mortui,
391 3914 438 3986 qui
452 3917 677 3973 Resurrectlouis
691 3917 792 3974 veritu-

205 3990 264 4039 tem
277 3984 394 4041 credere
418 3986 580 4044 noluerunt.
597 4009 611 4040 o
630 3987 680 4046 Ubi
695 3994 722 4044 et
742 3991 793 4045 Se·

207 4057 361 4112 ouiuuus:
387 4075 401 4109 u
417 4057 622 4116 custodiebant
638 4061 713 4116 euim
730 4075 792 4116 cru-

207 4125 331 4206 delitatis
356 4127 461 4198 studio,
488 4145 546 4186 nou
574 4130 688 4202 pietatis
710 4131 791 4188 obse-

208 4214 294 4272 quio;
310 4203 386 4256 sture
401 4205 497 4257 sutem
518 4217 575 4258 non
592 4207 695 4272 potest,
707 4215 791 4272 ouem

205 4269 790 4344 couscientiadestituit,impellltrestus.»

848 1764 1013 1822 societatem
1026 1767 1186 1838 pertingere
1196 1765 1358 1837 desperent.
1372 1765 1433 1820 Vos

848 1841 945 1894 eutem
963 1853 1014 1894 cur
1035 1835 1245 1910 pertimescitis,
1261 1835 1310 1907 qui
1332 1851 1433 1892 servos

847 1909 910 1992 ejus
931 1906 1016 1981 uilem
1030 1908 1167 1982 queritis,
1185 1915 1214 1965 ot
1227 1913 1340 1964 vostros
1360 1923 1432 1964 con-

847 1996 924 2036 cives
943 1980 1068 2038 videtis?
1084 1983 1155 2038 licce
1176 1980 1319 2051 quomodo
1339 1980 1433 2036 bonos

848 2054 962 2120 mulcet,
979 2061 1008 2108 ct
1028 2051 1069 2108 eis
1084 2051 1207 2110 blundus
1229 2049 1377 2108 exstitit.»
1398 2051 1432 2107 ln

847 2139 903 2196 quo
928 2126 1014 2181 etiam
1039 2124 1173 2194 ostendit,
1200 2123 1267 2195 quia
1290 2121 1432 2178 Dominus

846 2197 928 2252 lesus
942 2196 1081 2264 Christus,
1096 2195 1144 2266 qui
1164 2200 1209 2251 est
1228 2193 1353 2266 Angelus
1371 2208 1433 2250 rne-

846 2266 895 2340 gni
908 2267 1019 2323 consilii
1036 2267 1138 2336 dictus,
1151 2265 1181 2322 in
1195 2265 1296 2324 ultima
1308 2271 1336 2322 et
1345 2280 1433 2336 gene-

846 2341 900 2396 rali
915 2337 1125 2396 resurrectione
1140 2354 1157 2395 c
1178 2336 1290 2410 parebit
1305 2354 1313 2395 ι
1329 2342 1358 2394 et
1372 2341 1432 2394 ter·

846 2409 938 2467 ribilis
952 2410 1090 2482 reprobis,
1107 2353 1211 2482 uulgus
1223 2409 1299 2466 dicet
1315 2425 1322 2464 :
1341 2411 1432 2466 tlirco·

846 2483 936 2538 diteo
954 2499 1005 2546 me,
1021 2482 1172 2546 maledicti,
1186 2484 1217 2537 tn
1237 2483 1329 2550 iguem
1355 2485 1431 2538 uteo

845 2571 912 2611 num
925 2573 933 2622 ;
947 2560 975 2611 et
984 2554 1107 2612 blondus
1116 2552 1210 2624 justis,
1220 2551 1428 2624 qulbusdicet:

849 2629 956 2690 Venite,
972 2623 1105 2682 benedicti
1116 2627 1209 2682 Potrts
1221 2626 1283 2688 mei,
1296 2625 1430 2696 percipite

845 2714 972 2766 reguum.
993 2697 1038 2754 Sic
1054 2697 1211 2766 moraliter,
1230 2695 1367 2778 prelatus
1383 2695 1430 2753 bo

847 2785 911 2839 nus,
927 2768 975 2840 qui
990 2769 1116 2840 Angelus
1128 2767 1240 2825 Domini
1254 2767 1430 2825 exercituum

847 2845 899 2910 est,
916 2841 1075 2897 obstinatos
1100 2845 1199 2908 terret,
1214 2845 1242 2896 et
1257 2837 1430 2910 prenitentes

847 2913 998 2970 demulcet.
1027 2911 1077 2968 llic
1102 2913 1179 2968 enim
1206 2915 1343 2968 notentur
1366 2910 1430 2968 dure

847 2984 1035 3052 conditiones,
1052 2999 1115 3056 quae
1129 2983 1236 3040 debent
1251 2997 1315 3040 esse
1327 2981 1358 3040 iu
1372 2998 1429 3040 un-

846 3057 910 3184 gulo
937 3057 1096 3122 sacerdote,
1114 3071 1147 3112 ac
1166 3055 1297 3126 prelato,
1314 3059 1343 3112 et
1358 3069 1429 3126 pre·

866 3128 972 3185 icetore
989 3126 1073 3198 :quic
1085 3127 1170 3184 debet
1182 3127 1274 3198 primo
1283 3140 1429 3184 venenum

847 3199 955 3272 peccati
970 3216 1020 3271 per
1031 3204 1172 3256 terrorem
1186 3197 1386 3270 exstinguere3
1400 3203 1429 3256 ot

847 3272 982 3340 secundo,
998 3287 1048 3342 per
1062 3271 1191 3328 honestae
1204 3267 1428 3328 conversationis

847 3359 974 3400 amorem
998 3343 1088 3400 bonos
1107 3341 1232 3400 allicere.
1256 3343 1290 3396 El
1312 3341 1427 3412 subiun-

847 3415 888 3488 git
904 3432 911 3470 ι
929 3415 991 3472 Scio
1009 3417 1081 3470 cutm
1101 3413 1282 3486 nuculeum
1299 3412 1428 3470 Salvato-

847 3501 918 3556 rem,
936 3489 985 3558 qui
1011 3489 1162 3556 crucifissus
1182 3491 1232 3549 est,
1257 3485 1385 3555 queritis
1399 3483 1428 3540 iu

847 3559 997 3630 sepulchro
1015 3557 1088 3614 sicut
1108 3561 1252 3614 mortuum
1268 3575 1277 3612 .·
1293 3558 1344 3626 qui
1361 3572 1429 3614 oru-

847 3633 946 3701 otfious
965 3635 1015 3694 est,
1035 3628 1151 3686 additur
1176 3628 1211 3686 ed
1235 3627 1428 3686 differentium

847 3702 980 3771 aliorum,
995 3700 1043 3772 qui
1065 3703 1152 3758 etiam
1166 3697 1280 3758 nomine
1295 3701 1364 3758 lesu
1378 3714 1428 3780 rog

848 3775 987 3831 cebcntur
995 3791 1004 3844 3
1017 3771 1097 3842 item,
1114 3771 1231 3829 additur
1245 3771 1282 3828 ud
1295 3770 1428 3828 beneficti

849 3845 991 3902 Passionis
1018 3842 1329 3912 commemorationem,
1354 3841 1428 3900 unde

847 3915 997 3989 Apostolus
1013 3934 1020 3974 :
1035 3919 1272 3984 llecopitotoeum,
1285 3915 1429 3986 quitatem

847 3993 983 4045 sustinuit
994 4005 1012 4045 a
1024 3989 1216 4060 peccatoribus
1236 3987 1369 4044 adoneus
1386 4001 1427 4042 se·

848 4065 994 4131 metipsum
1007 4061 1251 4118 coutrodrottouem
1264 4080 1271 4128 ;
1285 4058 1366 4126 item,
1382 4057 1429 4114 ed·

849 4130 1253 4189 dituredcommeudatiouem
1264 4129 1428 4198 mulierum,

848 4220 912 4276 nure
927 4209 955 4260 et
971 4205 1068 4261 lesum
1083 4209 1170 4260 ctiam
1181 4201 1345 4260 crucifixum
1354 4217 1430 4274 quie-

848 4277 970 4332 rebant:
986 4275 1065 4332 mulli
1080 4275 1157 4332 euim
1174 4277 1270 4332 lesum
1283 4279 1429 4346 quaerunt,

207 4342 258 4400 llic
274 4349 353 4414 noto,
374 4343 451 4416 quod
480 4343 509 4400 in
536 4345 590 4401 boc
611 4344 792 4418 cognoscitur
848 4346 938 4404 idest
963 4347 1150 4416 Solvelorcnr,
1169 4346 1220 4406 sed
1241 4361 1300 4404 nou
1315 4343 1430 4404 crucifi·

208 4415 301 4474 bonus
323 4416 450 4490 Angelus
472 4415 509 4474 eb
531 4415 639 4488 Augelo
663 4415 750 4491 melo,
774 4433 792 4476 e
847 4435 924 4490 xum,
940 4419 1008 4491 quie
1024 4433 1083 4477 non
1101 4434 1154 4492 per
1167 4433 1293 4490 crucem,
1308 4433 1374 4476 cum
1386 4423 1430 4476 ts·
