3104 5034
213 409 258 462 ³04
512 409 669 466 stublon
696 409 816 466 ltbtls
844 411 954 466 CAPUT
984 412 1149 468 lxxxltlt

770 604 900 664 ouante

248 757 456 829 Benignissime
468 759 548 825 lesu,
562 755 611 828 qui
627 771 678 828 per
691 755 860 812 immensam
880 753 1015 812 bonitatis
1029 761 1087 812 tuae
1104 754 1278 828 patientiam
1297 757 1336 814 ad
1355 771 1443 812 emen-

212 829 357 886 dationem
372 845 418 885 me
432 832 588 900 exspectas,
608 827 646 884 da
663 826 733 884 milri
748 826 865 893 misero,
881 831 913 883 ut
927 825 955 882 in
969 826 1103 898 praesenti
1121 841 1166 884 me
1180 826 1363 884 discutiente
1379 827 1444 896 diqu-

213 901 303 970 direr,
317 917 350 956 ac
364 901 462 956 omnia
474 915 536 968 quae
551 899 601 956 tibi
612 897 764 970 displicent
775 897 987 969 vila1·e,etqnae
1002 897 1053 954 tibi
1067 898 1181 970 placent
1196 897 1325 972 implere
1335 898 1442 961 valeam

215 970 314 1042 sicque
330 969 382 1027 tibi
407 969 526 1042 placitus
547 974 580 1027 et·
596 975 695 1040 gratus
715 971 793 1039 fiam,
809 975 950 1042 quatenus
970 969 1000 1026 in
1023 970 1117 1026 luturo
1134 969 1244 1042 judicio
1273 987 1344 1028 cum
1360 969 1445 1026 electis

214 1042 272 1100 tuis
285 1057 303 1098 a
316 1040 421 1098 dextris
436 1041 552 1112 positus,
568 1045 596 1097 te
611 1041 776 1114 propitiam,
793 1049 821 1100 et
838 1041 981 1114 placatum
1007 1041 1166 1110 inveniens,
1183 1049 1325 1114 paratum
1346 1042 1388 1100 eis
1408 1056 1443 1096 re·

213 1129 300 1185 gnum
314 1111 480 1186 percipiam,
497 1117 545 1169 lua
558 1111 740 1170 desiderabili
756 1113 890 1186 adquam
907 1111 1018 1184 suspiro
1032 1115 1197 1184 perenniter
1213 1113 1365 1172 fruiturus
1381 1129 1443 1186 pre·

215 1183 317 1254 sentia,
330 1185 398 1242 Jesu
413 1183 554 1253 clemens,
565 1198 659 1240 meum
672 1184 855 1250 desiderium,
872 1183 1019 1258 praemium
1033 1191 1062 1241 et
1076 1183 1143 1242 vita.
1155 1185 1261 1242 Amen.

651 1521 788 1596 CAPUT
817 1523 1011 1596 LXXXVIII

495 1747 533 1792 ult
551 1746 640 1792 POENA
660 1745 817 1792 ineundam
839 1745 877 1790 itt·
897 1741 1005 1790 enema
1020 1742 1163 1790 coettlsrt.

255 1963 265 1997 r
282 1942 402 1998 AErenna
419 1954 674 1996 surrnrcrararannr
687 1940 701 1996 l
713 1939 801 1996 -Fi·
855 1935 943 1994 linem
960 1934 1097 2008 peccandi
1112 1935 1231 2004 habuit3
1248 1934 1320 1994 ideo
1337 1937 1412 2009 juste
1424 1935 1446 1990 in

217 2011 282 2070 nale
299 2026 366 2068 vero
383 2008 524 2082 judicium
543 2015 701 2082 sequuntur
718 2026 801 2080 poena
856 2013 963 2065 aeteruo
979 2009 1041 2078 Dei,
1055 2013 1084 2064 et
1106 2007 1285 2066 aeternaliter
1309 2007 1443 2085 punietur,

217 2083 330 2152 interni,
347 2086 375 2140 et
393 2082 485 2154 gloria
504 2079 576 2138 coeli.
597 2083 637 2138 De
654 2098 737 2150 poena
756 2081 801 2137 in·
857 2081 936 2136 Unde
951 2079 1099 2148 &repones
1113 2097 1122 2135 :
1134 2099 1148 2133 a
1163 2079 1206 2136 Ad
1218 2079 1348 2136 districti
1356 2077 1445 2152 judicii

216 2153 317 2212 lernali
344 2158 388 2211 est
406 2152 564 2222 sciendum,
586 2151 662 2225 quod
684 2169 748 2210 curn
774 2154 802 2208 iu
856 2151 1028 2208 senteutiam
1061 2150 1203 2222 pertinet,
1229 2156 1261 2208 ut
1297 2163 1445 2222 numqum

216 2225 359 2283 damnatis
378 2223 416 2281 sit
437 2223 588 2282 diversitas
609 2229 802 2296 peccatorum,
856 2227 972 2279 careant
996 2221 1145 2294 supplicio,
1161 2237 1286 2294 quorum
1318 2237 1400 2279 mens
1420 2221 1444 2274 in

217 2295 271 2354 erit
295 2301 324 2353 et
347 2295 496 2353 diversitas
515 2311 675 2368 poenarum.
688 2297 757 2354 Cum
772 2311 802 2352 e·
856 2294 910 2351 hac
923 2292 980 2350 rita
994 2308 1150 2365 numquam
1167 2293 1255 2349 voluit
1271 2309 1376 2350 carere
1390 2307 1444 2366 pec·

214 2367 273 2424 nim
290 2366 318 2422 in
333 2373 450 2439 peccato
461 2366 615 2423 sitaversio
627 2382 645 2423 a
657 2368 801 2436 creatore,
857 2370 938 2433 cato;
952 2369 981 2422 et
992 2363 1087 2420 nullus
1101 2365 1187 2422 detur
1199 2362 1300 2436 iniquo
1312 2367 1444 2422 terminus

215 2444 245 2496 et
267 2435 414 2494 conversio
440 2437 476 2494 ad
499 2443 670 2508 creaturam,
696 2437 804 2494 seilicet
857 2434 984 2506 ultionis,
1000 2434 1048 2508 qui
1067 2435 1204 2507 quamdiu
1221 2435 1326 2506 veluit,
1346 2436 1443 2492 habere

215 2507 252 2566 ed
267 2509 373 2564 bonum
390 2507 603 2576 commutabile,
618 2513 714 2580 spreto
726 2509 802 2565 bene
857 2506 948 2564 noluit
970 2506 1125 2564 terminum
1145 2505 1284 2564 criminis.
1306 2531 1320 2557 a
1339 2509 1373 2564 Et
1397 2506 1443 2562 ite·

216 2576 451 2646 incommutabili,
467 2578 575 2634 scilicet
588 2581 658 2647 Deo,
673 2584 703 2636 et
718 2579 802 2635 deor·
857 2595 919 2636 rurn
937 2596 944 2635 :
962 2599 976 2632 o
993 2577 1084 2649 lniqui
1098 2594 1163 2635 cum
1178 2578 1235 2636 fine
1253 2579 1440 2652 deliquerunt,

215 2646 324 2708 dinatio
344 2647 499 2704 voluntatis
516 2653 617 2705 contra
637 2651 803 2706 instinctum
857 2649 924 2721 quia
939 2663 1003 2706 eum
1018 2649 1075 2706 line
1093 2649 1238 2719 vixeruut;
1257 2667 1327 2708 uam
1348 2647 1441 2706 voluis·

214 2720 353 2778 rationis:
366 2717 598 2792 meritopropter
611 2719 804 2794 istatriapoe-
857 2727 919 2778 sent
942 2720 1049 2792 utique,
1068 2721 1093 2777 si
1117 2721 1288 2793 potuissent,
1307 2722 1372 2780 eine
1393 2719 1440 2776 llne

217 2809 255 2850 na
273 2789 438 2848 variabitur.
461 2789 540 2848 Unde
559 2795 676 2874 propter
694 2791 802 2849 aversi·
858 2794 963 2858 vivere,
982 2796 1013 2849 ut
1029 2797 1146 2864 possent
1161 2792 1224 2850 siue
1243 2793 1303 2850 line
1320 2805 1437 2868 peccare.

219 2878 304 2922 onem
322 2861 377 2920 erit
391 2862 518 2920 carentia
540 2863 656 2920 usionis
673 2863 737 2933 Dei;
754 2863 805 2921 sed
858 2864 1017 2921 Osteuduut
1034 2862 1121 2934 enirn,
1137 2864 1271 2946 quoniam
1287 2864 1321 2922 in
1337 2867 1438 2936 peccato

217 2940 335 3010 propter
347 2935 572 3005 conversionem,
586 2934 640 2991 erit
649 2951 804 3012 poenanra-
859 2951 971 3006 semper
981 2933 1077 2992 virere
1090 2940 1219 3007 cupiunt,
1227 2934 1275 3006 qui
1291 2945 1437 3007 numquam

215 3005 324 3064 terialis
347 3004 433 3088 ignis,
449 3006 493 3062 rel
519 3005 663 3075 incendii;
688 3015 805 3080 propter
858 3005 993 3063 desinunt
1006 3007 1200 3078 peccaredum
1214 3007 1327 3066 vivunt.
1339 3010 1436 3065 Jualnn
1524 3029 1525 3066 1

215 3077 456 3135 inordinationem
469 3081 566 3134 aulem
581 3076 703 3134 rationis
716 3083 744 3135 et
758 3094 805 3134 ro·
858 3083 902 3136 est
915 3077 1013 3150 igitur,
1029 3081 1061 3134 ul
1073 3093 1230 3150 numquam
1243 3083 1363 3136 careant
1375 3093 1437 3147 sup-

216 3147 343 3216 luntatis,
374 3147 428 3204 erit
454 3163 538 3220 poena
570 3148 707 3217 universi,
741 3164 804 3221 quae
859 3147 953 3222 plieio,
971 3147 1019 3220 qui
1048 3165 1204 3222 numquam
1230 3150 1437 3208 volueruntca·

216 3218 347 3278 censistit
365 3217 396 3276 iu
411 3217 566 3276 aillictione
584 3221 673 3288 varia,
689 3221 803 3291 acerba,
858 3235 922 3278 rere
934 3224 1050 3292 peccato
1066 3237 1073 3277 :
1093 3241 1104 3271 ι
1121 3221 1183 3278 lraee
1198 3222 1357 3291 Grcqeriau.
1369 3219 1437 3278 Unde

216 3297 247 3350 et
261 3297 380 3350 aeterna.
398 3289 439 3348 lbi
455 3291 532 3348 enim
551 3290 607 3348 erit
633 3291 712 3349 calor
729 3291 805 3364 ignis
858 3297 886 3347 et
911 3293 1109 3361 Augustanos:
1127 3314 1142 3344 «
1158 3293 1260 3350 Factus
1286 3303 1333 3350 est
1353 3297 1437 3350 autem

215 3367 244 3421 et
256 3363 335 3435 rigor
350 3361 477 3434 trigoris,
490 3363 628 3430 tenebrae,
643 3365 747 3433 tumere,
766 3363 807 3420 la·
858 3363 944 3420 home
969 3362 1045 3419 malo
1068 3363 1172 3436 dignus
1195 3371 1315 3434 aeterno,
1332 3363 1379 3437 qui
1393 3361 1435 3418 boe

216 3450 321 3508 crymae
353 3432 516 3502 interiores,
542 3437 672 3504 aspectus
697 3433 804 3492 daemo-
859 3433 1436 3508 iuseperemitbonum‚quedessepessil

214 3503 806 3586 num,clamerinperpetuumimprope-
859 3511 1008 3564 aeternum.
1030 3529 1044 3555 a
1070 3507 1124 3576 Et,
1151 3513 1182 3564 ut
1211 3507 1251 3565 ait
1278 3506 1436 3565 amardus,

214 3579 299 3646 rium,
312 3573 407 3634 mallei
418 3577 649 3648 percutientium,
660 3582 805 3648 serpentes
855 3578 932 3650 juste
947 3577 1075 3650 prolecto
1089 3576 1112 3633 ai
1130 3585 1238 3650 peceat,
1253 3579 1361 3662 patitur
1371 3573 1433 3648 quod

215 3654 244 3704 et
254 3647 405 3716 dracones,
418 3646 549 3716 ariditas,
562 3645 634 3717 sitis,
648 3647 732 3704 loeter
744 3647 804 3704 sul·
858 3647 940 3718 nolit,
956 3648 1004 3720 qui
1019 3665 1077 3706 nen
1093 3655 1193 3722 peccat
1205 3650 1260 3707 nist
1274 3651 1353 3708 velit.
1366 3649 1436 3706 Vide-

215 3717 323 3790 pburis‚
334 3717 766 3787 vermiscoriscientiae‚vincula
776 3723 805 3774 et
859 3721 929 3777 bunt
942 3719 1029 3776 etiarn
1043 3719 1170 3778 damnati
1183 3737 1214 3779 se
1227 3720 1349 3779 invicem
1363 3739 1372 3776 .·
1388 3731 1434 3774 non
1521 3729 1522 3748 ³

216 3803 324 3857 carcer,
343 3789 440 3860 timor,
460 3790 552 3860 dolor,
571 3789 673 3918 Eudor,
690 3797 718 3847 et
736 3807 804 3847 con·
858 3798 888 3847 ut
908 3790 975 3848 inde
998 3791 1191 3862 consolentur,
1205 3793 1256 3850 sed
1274 3795 1366 3865 magis
1383 3795 1433 3846 tor·
1521 3787 1522 3834 l

213 3859 570 3942 lusi-onpeccatorumomni
593 3861 803 3934 uspatentium,
858 3869 1007 3934 queantur.
1025 3863 1105 3920 Unde
1121 3863 1268 3934 Greqorius
1284 3883 1293 3921 a
1312 3865 1434 3932 «Quam-
1521 3901 1522 3947 ,

216 3929 333 4012 invidia,
350 3945 463 4012 rancor,
479 3931 605 4002 tristitia,
619 3933 725 3991 ablatio
744 3936 804 4006 spei
859 3933 900 3990 vis
916 3933 972 3990 illis
993 3932 1068 4006 ignis
1091 3933 1127 3991 ad
1147 3935 1372 3993 consolationem
1385 3945 1431 3989 neu

216 4000 430 4082 omnisaalutts.
445 4003 804 4078 lpsumetiamesse,quod
859 4005 944 4074 lucet,
961 4014 1058 4062 tamen
1084 4005 1120 4062 ad
1145 4006 1264 4080 aliquid,
1283 4007 1387 4064 scilicet
1409 4005 1431 4057 ul
1520 4029 1521 4038 ¹

214 4087 308 4155 omnrs
318 4075 451 4154 creatura
460 4073 578 4144 appetit,
592 4091 677 4145 poena
688 4077 805 4133 damna-
859 4076 1156 4149 magistorqurantur,
1168 4080 1253 4136 lucet.
1264 4081 1319 4136 Eos
1330 4077 1431 4151 quippe

214 4144 251 4203 lia
266 4149 336 4215 ent;
352 4159 420 4217 quta
438 4149 569 4227 quaerent
586 4157 707 4204 mortem
723 4151 803 4204 natu·
858 4163 931 4222 quos
956 4147 1071 4220 reprobi
1096 4165 1172 4206 narnc
1198 4149 1359 4208 inordinate
1378 4144 1431 4206 dili·

214 4217 315 4286 ratem,
335 4221 364 4274 et
383 4231 441 4274 non
459 4220 615 4273 invenient.
635 4220 716 4286 Nam,
737 4217 804 4290 quia
858 4225 938 4290 gunt,
954 4235 1051 4277 secum
1066 4225 1132 4278 tune
1151 4220 1181 4278 in
1204 4225 1354 4280 mimantis
1366 4218 1433 4276 ride·

214 4288 349 4372 bernoin
372 4295 545 4372 suouaeteme
564 4288 699 4360 peccarit,
716 4289 744 4346 id
762 4295 804 4347 est
859 4291 945 4360 bunt;
961 4293 992 4348 ut
1006 4305 1120 4363 punam
1141 4293 1264 4366 propriae
1279 4287 1431 4376 punitionis2

214 4361 349 4431 quamdin
383 4365 469 4430 vixit,
499 4375 552 4416 nec
579 4359 709 4418 voluntas
743 4361 804 4432 ejus
859 4367 1010 4434 exaggeret
1035 4361 1157 4420 carnalis
1180 4371 1312 4436 cognatio
1338 4369 1430 4422 ancton
