3124 5038
225 493 319 566 ipsum
339 494 469 570 recipere
495 495 632 578 volneris,
650 495 713 570 ipso
730 510 810 552 reve

224 565 312 636 lanto,
327 566 421 640 ipsum
436 567 497 626 sine
512 569 599 626 dubio
622 566 762 636 invenies,
782 571 811 624 et

224 635 317 710 ipsum
336 655 495 712 agnosces3
512 639 553 698 ita
575 644 607 696 ut
629 639 740 696 nonsit
757 637 809 696 libi

224 724 341 768 neccsse
355 728 485 784 quaerere
501 713 537 770 ab
554 710 618 768 aliis
638 709 686 767 ubi
708 715 752 768 est
765 713 810 768 Je-

225 795 283 850 sos,
295 783 345 841 aad
359 781 636 856 tumagisindicabis
648 797 726 852 eum,
738 797 809 839 nun-

225 851 301 910 tians
323 871 331 910 a
356 855 429 923 Quia
447 857 509 915 otdi
526 857 684 924 liminum,
709 859 735 910 et
752 856 810 912 bae

225 924 302 982 dicit
324 928 395 984 mibi
417 945 423 984 :
446 945 460 981 u
480 928 543 986 haec
567 927 616 984 Ort
637 941 708 984 anes.
740 927 808 983 Post

224 994 430 1078 aliquantulam
448 1013 515 1057 nero
535 942 685 1067 morufam,
701 1001 730 1054 et
745 1013 808 1054 cum

226 1067 316 1125 iterra
332 1068 435 1140 gaudio
452 1070 537 1144 plena
554 1085 620 1128 eum
635 1068 807 1136 adoraverit,

211 1137 364 1220 ¹Dominus
389 1140 527 1214 discessit,
553 1139 660 1210 dicens,
687 1140 753 1213 qnia
780 1147 809 1200 ct

227 1209 300 1268 altos
311 1211 426 1270 uisitare
439 1229 504 1271 eum
519 1217 672 1286 oporteret.

264 1303 296 1340 ro
315 1285 486 1343 Misenensi
502 1301 664 1342 nsmrrcnrs
682 1299 804 1340 nscrnrr.

224 1384 259 1402 -
282 1356 359 1412 Tunc
380 1357 471 1414 Maria
492 1355 671 1430 Magdalena,
684 1355 805 1414 benedi·

224 1425 317 1484 ctione
332 1427 369 1486 eb
388 1443 423 1486 eo
434 1433 559 1504 recepta,
574 1433 603 1486 et
617 1427 737 1486 Domino
750 1426 805 1484 die·

548 386 706 444 stantun
732 386 852 443 lintis
879 383 986 440 titur
1012 383 1132 440 lxxiii

867 491 994 562 cedente,
1008 489 1135 561 recessit,
1151 493 1180 548 et
1198 489 1263 618 {sm
1279 483 1400 572 credens
1416 481 1449 566 pi

866 563 957 623 socias
976 579 1043 620 suas
1057 562 1144 634 venit,
1159 567 1188 620 et
1226 577 1270 619 aec
1283 575 1328 618 crs
1346 559 1449 637 nunlra3

867 637 916 694 vit.
934 637 967 692 Et
981 635 1037 692 illae
1052 634 1089 692 de
1104 631 1329 692 Resurrectionc
1340 631 1448 711 Domini

866 709 1035 782 gaudentes,
1049 706 1099 763 sed
1114 706 1191 778 quod
1206 720 1275 763 eum
1291 717 1351 760 non
1375 699 1448 756 urde-

867 785 932 840 rent
956 779 1096 849 dolentes,
1112 780 1242 835 catenat
1258 779 1317 834 cito
1330 787 1395 830 eum
1407 784 1448 838 ea,

866 854 901 908 rte
914 850 1098 920 monumento,
1119 849 1149 908 id
1166 855 1209 906 cst
1236 849 1275 905 de
1303 849 1366 904 loco
1389 845 1450 928 ante

867 929 1095 992 monumentum,
1112 939 1172 979 cum
1188 923 1290 978 timore
1307 923 1334 975 et
1352 913 1450 998 nemu

866 1011 977 1066 manno,
992 999 1132 1050 cenantes
1146 995 1282 1050 nuntiare
1298 991 1362 1047 baec
1375 987 1451 1042 unco

863 1070 941 1141 pulis
951 1065 1064 1125 Domini
1077 1065 1113 1123 de
1125 1065 1197 1138 ipso.
1213 1063 1337 1137 Duplex,
1352 1072 1449 1115 secun·

867 1141 935 1197 dum
961 1139 1175 1208 Olossum,erat
1195 1136 1224 1192 in
1249 1135 1294 1192 eis
1324 1131 1449 1195 allectus,

866 1209 975 1268 scilicet
990 1227 997 1266 ι
1015 1207 1138 1278 timoris,
1153 1213 1181 1266 et
1195 1206 1296 1290 gaudii
1310 1223 1319 1276 3
1333 1204 1407 1261 alter
1418 1198 1450 1280 (le

866 1298 912 1339 ma
935 1281 1064 1340 nitudlne
1081 1279 1222 1350 miraculi,
1236 1279 1316 1336 alter
1333 1291 1368 1332 ex
1381 1273 1448 1329 desu-

865 1353 944 1412 derio
970 1351 1158 1424 resurgentis,
1178 1357 1206 1409 et
1221 1355 1352 1422 uterque
1374 1357 1451 1418 gres·

864 1441 927 1484 sum
941 1425 1103 1484 concitabat
1116 1421 1288 1480 femineum.

773 1605 901 1666 ORATIO

259 1781 427 1856 Opiissime
441 1783 573 1856 Domine,
587 1801 604 1842 o
620 1784 783 1844 dulcissime
812 1783 958 1867 Magister,
978 1799 1065 1856 quam
1091 1785 1185 1842 bonus
1215 1796 1247 1864 es
1271 1785 1307 1838 tu
1337 1778 1383 1836 bis
1406 1773 1448 1859 qui

223 1858 301 1912 recto
313 1860 379 1912 sunt
393 1855 488 1926 corde,
504 1871 591 1928 quem
608 1855 761 1941 suauisbis
776 1856 824 1929 qui
839 1856 961 1940 diligunt
983 1857 1027 1914 tel
1045 1856 1068 1913 0
1082 1869 1168 1929 quam
1191 1853 1293 1911 felices
1318 1853 1386 1908 sunt
1404 1863 1448 1976 adipi

225 1921 1447 2074 lassataallatua?nlassataslasatasist.snitu

225 2069 288 2128 baec
301 2069 430 2128 dilectrix
446 2076 496 2130 tue
512 2070 678 2145 simpliciter
699 2073 844 2146 quaerebat
868 2076 908 2142 te,
923 2076 952 2128 et
972 2071 1113 2129 veraciter
1126 2069 1236 2128 invenit
1255 2073 1298 2127 te.
1315 2063 1449 2140 sperabat

226 2140 256 2199 in
272 2146 311 2214 te,
326 2147 356 2199 et
370 2159 426 2200 non
445 2150 490 2200 est
508 2143 644 2204 derelicta
658 2149 733 2214 ate;
751 2146 800 2202 sed
819 2144 882 2216 plus
896 2150 940 2200 est
953 2148 1106 2201 consecuta
1122 2157 1172 2214 per
1190 2147 1229 2212 te,
1245 2154 1337 2214 quam
1351 2149 1449 2208 exspe-

224 2217 347 2296 ctareta
364 2219 403 2272 te.
419 2215 541 2273 Obsecro
552 2233 619 2290 ergo
630 2221 669 2300 te,
685 2217 815 2286 Domine,
830 2215 867 2272 da
884 2213 954 2271 mihi
967 2214 1087 2288 diligere
1101 2219 1129 2272 et
1141 2227 1271 2286 querere
1287 2216 1328 2280 te,
1343 2225 1377 2266 ac
1390 2219 1448 2334 age·

224 2301 290 2344 rare
306 2301 335 2342 rn
355 2290 393 2356 te,
408 2291 440 2344 ut
454 2291 483 2344 et
497 2303 550 2360 ego
563 2304 581 2346 a
596 2295 623 2346 te
639 2287 731 2360 diligi,
745 2293 773 2347 et
786 2293 814 2345 te
834 2285 961 2344 invenire
975 2290 1136 2356 merear,et
1149 2300 1166 2343 a
1180 2290 1208 2343 te
1224 2295 1385 2356 numquam
1420 2291 1447 2332 s·

225 2355 381 2430 relinquar.
392 2359 492 2440 Amen.

690 2699 828 2773 CAPUT
855 2702 988 2774 txxlrt

465 2919 611 2976 cuonone
634 2921 768 2969 nouruus
792 2921 939 2968 nnrnnurr
962 2905 1069 2968 narnus
1093 2921 1207 2969 ananus.

451 3067 455 3076 ⁵
505 3093 631 3149 Matthaei
646 3108 708 3166 cap.
725 3091 835 3151 xxviii
849 3099 878 3150 et
896 3090 1016 3150 ioannis
1029 3106 1091 3166 cap.
1112 3091 1169 3148 lili.

264 3297 274 3334 r
288 3276 417 3334 Donrnura
428 3291 480 3332 srer
491 3291 668 3351 urrisanana
678 3293 803 3349 insnum

224 3363 367 3406 romanas.
387 3377 418 3390 -
433 3347 502 3406 Cum
515 3363 583 3421 ergo
598 3349 660 3406 istae
674 3351 803 3406 troslia-

224 3419 276 3476 riae
288 3419 374 3478 simul
387 3423 552 3492 pergerent,
567 3419 603 3476 de
618 3425 802 3478 monumento

221 3491 405 3562 revertendo,
414 3495 569 3562 antequam
578 3489 801 3562 pervenirentad
816 3547 823 3556 ,

222 3560 384 3633 Civitatem,
403 3566 432 3622 et
446 3561 482 3620 ad
498 3561 660 3634 Apostolos,
680 3578 737 3620 ecoe
754 3577 800 3620 oc·

222 3637 322 3700 meto,
342 3637 371 3692 et
392 3632 526 3706 apparuit
541 3632 734 3710 ciebominus
752 3635 802 3691 Je-

222 3719 282 3762 sue.
304 3703 356 3764 Ubi
378 3707 585 3775 Hieronymus:
605 3726 620 3758 «
642 3705 803 3778 Pergebant

222 3773 299 3832 enim
314 3776 351 3833 ad
369 3777 529 3849 Apostolos,
545 3783 577 3835 ut
590 3791 642 3850 per
655 3776 721 3836 illos
734 3776 802 3836 tidei

224 3848 409 3905 seminarium
424 3853 616 3921 spargeretur.
631 3869 646 3901 n
663 3851 730 3918 Quas
750 3865 800 3907 an·

223 3922 283 3976 tem
306 3919 346 3975 sic
365 3920 541 3990 querebant,
556 3937 620 4002 quaa
642 3919 682 3978 lta
706 3937 802 3979 curro·

225 3990 304 4072 bant,
314 3989 499 4046 merebantur
507 3993 621 4050 obvium
632 3993 739 4050 babere
750 3995 803 4051 Do·

225 4076 337 4118 manum
362 4065 568 4133 resurgentem.
582 4065 626 4134 nt,
642 4066 726 4122 nteit
744 4067 802 4121 ito·

226 4133 324 4202 Mnus,
337 4147 390 4206 per
401 4133 456 4190 hoc
475 4132 601 4190 ostendit
622 4149 653 4191 se
670 4135 803 4204 omnibus

227 4203 282 4263 iter
300 4203 437 4262 virtutum
465 4203 677 4277 inchoantibus,
705 4212 737 4263 ut
766 4206 801 4264 ad

225 4275 675 4352 salutemperpetuampervcnire
683 4281 802 4350 queant,

225 4350 386 4422 adjuvando
411 4364 571 4408 occurrere.
595 4348 703 4406 Blanda
724 4365 802 4422 quo-

865 3291 920 3358 que
941 3274 1111 3334 salutatione
1125 3273 1263 3334 Dominae
1279 3275 1404 3355 dejectas
1416 3284 1441 3325 e·

865 3363 972 3418 rigens,
989 3351 1018 3403 et
1036 3348 1122 3405 verbo
1137 3346 1331 3406 consolatorio
1353 3347 1441 3402 trustes

866 3417 1025 3476 consolavit
1036 3433 1085 3477 ees
1104 3419 1198 3476 dicens
1211 3439 1221 3476 .-
1234 3420 1333 3490 Λυσία,
1347 3433 1379 3476 ex
1391 3415 1441 3492 lira

865 3490 993 3548 lormans
1002 3491 1071 3548 Aac.
1084 3491 1136 3548 Ubi
1151 3493 1336 3561 Hieronymus
1346 3509 1356 3547 .·
1365 3507 1379 3542 o
1388 3485 1440 3542 Prr·

866 3576 912 3618 mo
927 3563 1062 3620 mulieres
1074 3567 1220 3620 merentur
1233 3561 1347 3632 audire,
1360 3559 1438 3618 noete

866 3637 898 3689 ut
913 3632 1095 3692 maledictum
1113 3635 1177 3694 Evae
1196 3632 1439 3704 mulieris‚inmn-

865 3703 986 3763 lieribus
999 3705 1168 3764 solveretur.
1186 3725 1200 3758 n
1217 3707 1277 3764 lite
1289 3711 1391 3772 auton,
1404 3696 1438 3754 ul'·

865 3781 910 3838 tra
925 3791 1011 3849 quam
1024 3775 1081 3836 dici
1095 3781 1193 3850 posset
1206 3777 1382 3840 exhilaratae,
1397 3784 1436 3827 at·

865 3855 1013 3914 cessernnt,
1030 3853 1061 3906 ut
1081 3848 1142 3920 iam
1171 3851 1322 3908 credentes
1342 3852 1370 3904 et
1390 3853 1437 3915 pet

865 3920 952 3978 iidem
969 3920 1146 3990 illuminatas,
1166 3919 1243 3992 qnia,
1261 3925 1292 3978 ut
1313 3919 1352 3978 ait
1368 3917 1435 3986 Apo·

866 3991 968 4050 stolus:
979 3992 1157 4054 accedentem
1172 3997 1279 4064 oportet
1290 3991 1435 4052 credere...

865 4068 891 4120 et
901 4069 1063 4132 ,tenuerunt
1079 4079 1113 4120 ec
1128 4063 1300 4122 deosculatae
1319 4064 1382 4122 snut
1393 4070 1435 4129 pt·

866 4135 912 4192 des
923 4136 992 4206 ejus,
1007 4151 1040 4192 er
1053 4135 1214 4206 devotione,
1227 4135 1434 4194 humanitatem.

866 4206 897 4264 in
907 4208 1109 4280 quasurrexit,
1122 4207 1279 4280 probantes
1291 4211 1398 4282 aperte,
1411 4199 1435 4254 tl

865 4279 901 4336 de
927 4277 1147 4360 Resurrectione
1174 4279 1236 4352 ejus
1258 4277 1432 4337 certificataei

866 4352 955 4408 Deum
967 4355 992 4407 ct
1004 4351 1156 4408 Dominum
1167 4351 1361 4412 admouerent.
1373 4342 1434 4404 ado·
