3104 5034
206 417 252 467 ‘cto
523 411 682 464 sustinuit
710 409 831 466 ululis
857 409 961 464 cicun
990 409 1124 463 lxxxiv

203 535 288 576 onem
302 515 367 590 agni
381 515 449 574 data
464 517 507 572 est
517 517 584 584 Lex,
597 514 790 572 descendente
845 511 1028 595 loetemur'in
1055 527 1101 582 ea,
1121 511 1190 584 quie
1214 513 1285 570 inde
1312 515 1442 573 fructum

203 589 323 650 Domino
344 604 430 656 super
448 591 574 644 montem
601 588 630 642 in
654 587 737 655 igne,
762 589 791 642 et
847 601 902 642 non
917 585 1074 652 modicum,
1090 599 1142 640 nos
1165 583 1212 656 qui
1227 585 1263 642 ad
1279 585 1371 643 fldem
1388 603 1446 644 se·

203 659 438 735 quinquagesimo
453 674 535 730 aeque
549 657 596 714 die
610 663 673 730 post
687 659 789 714 Resur-
846 657 951 726 nimus,
970 654 1113 715 consecuti
1131 671 1240 712 sumus.
1259 659 1322 714 Non
1349 658 1448 715 solum

202 733 360 792 rectionem
385 731 474 788 uoslri
499 728 709 798 Redemptoris,
723 729 790 786 data
845 733 940 785 autem
955 727 1117 784 hominibus
1132 726 1266 798 gaudium
1284 728 1312 784 in
1327 729 1388 785 hae
1401 746 1449 786 so-

202 807 349 878 estgratia
362 801 482 875 Spiritus
495 801 588 858 Sancti
604 799 746 872 discipulis
760 798 789 856 in
845 799 992 856 lemnitate
1011 797 1143 881 provenit
1156 799 1206 856 sed
1221 806 1249 856 et
1264 802 1366 858 Beatos
1382 801 1449 858 Vir·

205 877 351 936 coeuarulo
367 871 535 930 constitutis.
551 872 601 929 llic
614 877 709 930 autem
724 870 789 928 nlti—
838 869 920 943 ginis
933 871 1068 940 gaudium
1083 870 1150 926 rude
1164 879 1344 930 crementum
1358 888 1447 929 acee-

204 949 275 1006 tudo
287 943 436 1013 coenaculi,
448 943 524 1001 etiui
535 959 670 1001 cacumen
686 942 790 1000 rnoutis
845 947 902 1014 pit3
918 943 953 1000 de
970 958 1026 1014 qua
1040 943 1188 999 Anselmus
1204 941 1245 998 sic
1259 942 1301 1000 ait
1319 960 1327 999 ε
1353 964 1369 996 ι
1388 945 1447 1001 Sed

205 1017 408 1077 sublimitatem
428 1021 632 1087 preceptorum
651 1022 680 1072 et
700 1015 789 1072 dono·
844 1013 1049 1084 etgaudiorum
1061 1029 1177 1070 suorum
1188 1014 1361 1086 magnitudo
1372 1031 1447 1072 non·

204 1107 268 1148 rum
285 1087 394 1146 indicat
408 1086 573 1146 celestium.
585 1092 615 1143 et
629 1085 696 1170 quia
706 1101 789 1142 nemo
846 1085 915 1142 nihil
931 1085 1226 1158 incrementiaccepit.
1237 1101 1303 1142 cum
1318 1089 1445 1144 venien-

203 1160 312 1218 inlrmis
337 1159 430 1217 adhuc
460 1156 609 1215 desideriis
635 1161 789 1226 inhaerens,
843 1161 871 1214 le
895 1173 981 1230 super
1002 1156 1155 1228 discipulos
1184 1155 1289 1228 Spiritu
1318 1159 1444 1228 Sancto,

204 1233 248 1291 vel
278 1230 381 1288 divinis
409 1229 608 1302 obtemperare
635 1229 788 1298 mandatis,
844 1229 960 1286 moxed
969 1227 1200 1312 predicationem
1211 1227 1443 1293 illorumiidem

203 1304 247 1362 vel
271 1303 401 1374 supernis
425 1299 516 1373 possit
544 1297 648 1396 dignus
667 1298 788 1357 existere
843 1299 905 1356 Filii
933 1317 977 1357 sur
1004 1305 1085 1357 tanta
1105 1299 1252 1356 hominum
1279 1299 1443 1359 multitudo

203 1373 307 1432 donis:
327 1397 337 1422 υ
358 1373 419 1430 haec
437 1372 522 1430 dedu.
842 1375 977 1446 suscepit.
988 1371 1029 1428 lbi
1039 1387 1171 1444 namque,
1184 1381 1301 1444 excepto
1313 1372 1442 1444 gaudio,

242 1452 272 1505 ιδ
291 1447 400 1504 Frounn
425 1460 558 1502 utssrorus
586 1461 619 1500 nr
646 1460 788 1501 sentencie
842 1445 918 1515 quod
946 1444 981 1502 de
1007 1443 1099 1500 salute
1124 1445 1237 1515 generis
1267 1445 1393 1501 humani
1413 1444 1443 1501 in

201 1521 327 1579 Serninus
342 1519 449 1576 Ssncrr.
467 1547 498 1558 -
520 1517 566 1573 Sic
581 1531 649 1588 ergo
666 1515 787 1588 Spiritus
841 1513 961 1572 istorum
976 1531 1161 1572 conversione
1177 1513 1371 1597 concipiebar,
1395 1517 1442 1572 in·

200 1590 297 1650 Sancti
317 1589 413 1646 missio
438 1587 491 1645 luit
509 1586 539 1644 in
567 1588 648 1656 Legis
671 1586 787 1644 datione
840 1587 947 1644 tellexit
957 1585 1058 1644 Filium
1069 1602 1151 1644 suurn
1162 1603 1219 1644 non
1232 1587 1319 1644 luisse
1329 1588 1442 1659 gratis,

199 1664 393 1736 praelrgurata,
421 1668 450 1717 et
468 1660 571 1716 lestum
594 1661 786 1730 pentecostes,
841 1657 870 1714 id
885 1665 929 1716 est
944 1659 1213 1722 lrustramortuum.
1231 1675 1293 1715 cum
1308 1664 1373 1716 tem
1396 1661 1441 1718 el·

200 1735 274 1807 quod
304 1733 389 1790 modo
411 1733 558 1812 peragitur
586 1731 622 1788 ab
649 1730 785 1799 Ecclesia,
842 1730 968 1787 licaciter
984 1729 1098 1787 videbat
1117 1731 1229 1802 opersri
1246 1729 1333 1787 iidem
1354 1748 1441 1787 rnor-

199 1805 268 1862 olim
284 1805 364 1874 quasi
384 1803 544 1885 figuraliter
566 1803 756 1874 peragebatur
769 1818 787 1859 a
841 1801 877 1858 tis
889 1801 961 1874 ejus.
976 1800 1062 1858 etism
1075 1799 1105 1857 in
1117 1801 1212 1871 eisqui
1226 1809 1339 1858 actores
1354 1802 1440 1860 illius

200 1889 353 1950 synagoga.
374 1870 615 1944 Quinquegesima
636 1888 704 1944 ergo
728 1874 785 1944 dre,
841 1877 1018 1930 exstiterant.
1035 1873 1131 1930 Genus
1149 1873 1306 1930 humanum
1329 1874 1368 1930 ad
1391 1891 1441 1932 sa-

219 1955 351 2019 ostquam
364 1943 455 2003 Judaei
470 1945 632 2016 deAEgypto
645 1943 785 2015 exierunt,
841 1945 930 2002 lutcm
949 1949 1041 2002 vocari
1063 1943 1187 2006 videbat.
1204 1947 1287 2012 cujus
1303 1945 1345 2002 rei
1361 1962 1439 2018 gra-

198 1964 298 2078 gecem
330 2022 471 2090 precepta
488 2015 520 2072 in
548 2021 643 2072 oronte
668 2015 744 2073 Sinai
769 2018 807 2074 a'
840 2015 879 2072 tie
899 2016 998 2074 Filium
1022 2017 1058 2072 de
1072 2031 1103 2072 se
1118 2013 1344 2088 incorporatum,
1359 2027 1392 2075 et
1410 2017 1440 2074 in

200 2089 321 2148 Domino
348 2091 534 2159 receperunt;
552 2085 592 2144 ita
607 2085 784 2160 quinquage-
841 2103 924 2146 cruce
938 2103 1052 2160 pessum
1070 2094 1136 2144 ante
1152 2087 1343 2157 intellexeram
1361 2105 1438 2162 que-

200 2162 273 2221 sims
285 2161 332 2218 dre
346 2165 497 2233 postquem
512 2174 564 2214 nos
576 2158 682 2216 luimus
696 2161 732 2216 ab
746 2160 786 2217 in·
841 2167 958 2231 propter
974 2160 1124 2216 letabatur
1148 2159 1223 2230 quod
1248 2175 1324 2231 spes,
1345 2176 1437 2232 quam

200 2235 283 2292 leruo
309 2231 433 2302 liberati,
457 2236 628 2303 receperunt
653 2229 784 2300 discipuli
840 2237 908 2288 ente
927 2236 1107 2302 conceperat,
1123 2229 1183 2302 jam
1199 2229 1229 2287 in
1248 2248 1310 2288 rern
1332 2247 1437 2290 reram

198 2305 322 2378 gretiam
344 2304 466 2376 Spiritus
478 2301 583 2360 Sancti.
605 2301 682 2360 lstud
699 2301 785 2360 etiam
840 2301 988 2359 transibat.
1006 2301 1174 2360 Gaudebant
1187 2307 1216 2358 et
1229 2306 1356 2374 gaudent
1373 2305 1437 2361 ho-

197 2377 413 2450 praellguratum
424 2373 475 2432 luit
485 2373 514 2430 in
525 2373 786 2445 superabundantia
840 2375 953 2430 mines:
971 2373 1038 2445 qrrie
1050 2373 1127 2446 quod
1148 2373 1317 2444 amiserunt,
1332 2382 1437 2434 centu·

199 2449 253 2504 olel
281 2447 357 2519 quod
371 2445 469 2502 datum
488 2449 532 2501 est
545 2443 724 2517 pauperculae
744 2444 785 2502 ri·
839 2443 935 2517 plicati
950 2443 1033 2517 pretii
1052 2451 1162 2503 tnsnore
1182 2444 1345 2518 recipiunt;
1363 2463 1434 2505 cnr·

196 2518 261 2576 duae
279 2533 329 2587 per
344 2533 442 2585 preces
457 2514 549 2572 Elisaei
566 2515 725 2586 Prophetes,
737 2516 785 2587 qui
840 2521 958 2574 ruerunt
983 2515 1068 2586 servi,
1092 2525 1247 2590 resurgunt
1270 2517 1373 2575 iratres
1405 2525 1435 2576 et

195 2586 395 2646 misericordia
418 2592 512 2644 motus
531 2601 617 2656 super
629 2601 785 2657 paupercu·
840 2587 891 2644 lilii
913 2605 920 2644 :
939 2608 953 2640 u
978 2588 1040 2645 haec
1065 2589 1223 2646 Auselmus.
1240 2591 1282 2656 Et,
1297 2593 1435 2661 quamvis

194 2659 263 2727 lem,
280 2655 441 2740 impetrarit
455 2659 480 2714 ei
494 2673 513 2736 e
527 2655 647 2738 Domino
662 2656 717 2714 olei
732 2659 784 2716 ab·
839 2658 980 2732 praecipue
997 2669 1026 2716 et
1043 2659 1204 2733 specialiter
1217 2660 1246 2718 in
1266 2662 1435 2720 solemnita-

195 2730 374 2788 undnntram.
398 2729 452 2785 Per
474 2727 587 2784 arduam
606 2733 661 2784 isla
680 2731 784 2786 mdesi·
840 2730 924 2798 tibus,
942 2731 1130 2790 nihilomiuus
1147 2737 1255 2800 tamen,
1274 2749 1390 2802 semper
1405 2741 1436 2791 et

195 2808 300 2876 guntur
323 2805 423 2858 sancta
446 2798 581 2862 Ecclesie'.
606 2815 670 2872 quas
689 2800 784 2858 ablato
840 2805 991 2859 momentis
1006 2802 1138 2860 omnibus
1150 2805 1239 2862 Deum
1254 2804 1371 2862 laudare
1383 2805 1434 2862 de·

196 2889 302 2947 sponso
321 2889 372 2932 suo
396 2870 521 2942 Christo,
536 2871 687 2928 videbatur
713 2880 784 2931 tam·
840 2876 950 2932 bemus.
966 2876 1047 2944 Nam,
1068 2881 1099 2932 ut
1112 2875 1182 2932 dicit
1199 2877 1359 2946 drepnrius.
1379 2877 1435 2934 mi·
1535 2919 1536 2930 2

196 2961 282 3074 fluam
297 2945 397 3012 vidue;
411 2943 462 3027 sed
478 2942 783 3026 pominusmtsericor-
839 2961 902 3002 rum
917 2950 969 3016 est,
994 2947 1069 3018 quod
1094 2947 1180 3004 homo
1205 2963 1319 3020 semper
1340 2950 1433 3006 Deum

217 3016 246 3075 ia
259 3023 353 3074 motus
367 3015 446 3073 dedrt
460 3031 486 3072 er
498 3014 553 3072 oler
566 3015 782 3088 abundantiam,
840 3033 897 3074 non
919 3017 1029 3086 laudat,
1044 3017 1113 3145 guia
1141 3019 1275 3089 quaelibet
1295 3027 1433 3077 creatura

196 3089 251 3145 hoc
278 3093 321 3145 est
349 3087 470 3160 Spiritus
490 3085 585 3143 Sancti
604 3085 738 3158 gratiam,
755 3093 784 3144 el
838 3089 874 3146 ad
891 3091 978 3146 Deum
996 3090 1043 3146 lau

196 3158 359 3232 linguarum
386 3156 612 3223 intellipentinm.
633 3159 710 3215 lstud
729 3159 783 3215 mi·
837 3159 893 3218 hoc
906 3165 1000 3216 autem
1017 3160 1099 3218 nobis
1110 3161 1191 3219 valde
1205 3170 1248 3219 est
1263 3162 1430 3220 necessaria

1063 3091 1169 3147 andum
1184 3107 1237 3148 nos
1257 3089 1370 3148 inritat.
1386 3093 1432 3148 Ad
1535 3135 1536 3152 i

196 3230 326 3288 raculum
349 3230 385 3287 de
403 3227 593 3292 intelligenda
611 3227 782 3301 linguarum,
837 3229 958 3299 Spiritus
976 3231 1070 3289 Sancti
1084 3233 1187 3306 grstia.
1206 3233 1286 3291 Unde
1302 3237 1430 3290 Bernar-
1535 3299 1536 3308 ,

196 3303 278 3375 quasi
291 3318 343 3375 per
360 3301 483 3374 liguram
497 3301 570 3358 [lette
583 3307 782 3370 praemonstra·
837 3303 890 3359 dus
909 3322 948 3358 :e
971 3301 1001 3360 Si
1018 3303 1081 3375 quis
1095 3310 1189 3375 torpet
1203 3307 1238 3362 de
1261 3305 1309 3363 liei
1330 3305 1428 3370 laude.

197 3373 279 3432 vitiu
295 3389 329 3430 eo
349 3372 424 3446 quod
441 3371 469 3428 in
487 3369 676 3428 aediflcatione
696 3372 783 3430 turris
837 3373 1027 3431 certissimum
1042 3373 1129 3433 habet
1149 3375 1178 3432 in
1194 3393 1224 3433 se
1246 3376 1428 3450 experimen-

195 3445 283 3504 Babel
301 3443 429 3501 diverses
442 3443 552 3514 linguas
569 3442 686 3500 creavit.
702 3446 783 3504 Tunc
836 3451 906 3516 tum,
927 3446 1003 3518 quod
1025 3462 1082 3504 non
1106 3447 1211 3504 lrabeat
1235 3447 1266 3504 in
1290 3465 1321 3505 se
1339 3451 1359 3507 S
1380 3449 1429 3506 iri-

195 3517 271 3599 enirn
288 3531 372 3574 uuam
389 3515 515 3598 linguam
531 3511 704 3597 indiversas
720 3531 781 3598 rnu-
836 3521 895 3574 tum
910 3517 1058 3600 Sanctum,
1074 3517 1141 3645 ῗυίι
1156 3518 1202 3576 ubi
1217 3517 1341 3590 Spiritus
1354 3465 1427 3578 gan·

194 3593 282 3658 tavit3
299 3587 382 3644 modo
397 3601 548 3668 unicuique
563 3587 781 3657 intelligentiam
836 3594 899 3646 ctus
910 3589 1063 3658 inhabitat,
1089 3589 1192 3647 eudem
1209 3589 1258 3647 Dei
1279 3593 1393 3648 excitat.
1410 3613 1426 3642 »s

193 3659 319 3718 omniunt
347 3659 461 3716 illarum
481 3659 568 3720 dedit.
589 3673 642 3713 nec
661 3657 782 3714 miracu·
834 3661 1002 3718 lurocautes
1027 3677 1095 3734 ergo
1119 3659 1254 3732 Spiritum
1275 3664 1426 3732 Sanctum,

191 3731 250 3790 lum
273 3731 347 3787 istud
368 3747 441 3790 nune
467 3729 591 3799 iecisset,
609 3729 632 3784 si
657 3728 780 3788 divisio·
834 3747 947 3815 semper
963 3731 1111 3790 laudemus
1127 3734 1424 3792 Deumadhueenim

192 3818 258 3860 nem
279 3801 440 3872 linguarum
455 3807 522 3860 tunc
545 3817 603 3858 non
620 3801 780 3872 praemiis-
834 3803 899 3860 laetr
917 3819 1026 3870 sumus,
1043 3811 1072 3861 ul
1094 3806 1194 3874 Deum,
1211 3804 1273 3862 sine
1288 3805 1346 3863 ssne
1363 3807 1426 3863 lau·

191 3878 254 3942 set;
271 3879 299 3928 et
312 3873 383 3930 sicut
406 3880 472 3931 tunc
485 3890 536 3946 prr
552 3871 664 3946 linguas
679 3875 779 3930 conlu-
833 3874 950 3944 demus;
972 3875 1045 3932 sicut
1069 3876 1184 3948 superni
1208 3877 1283 3934 cives
1311 3894 1427 3952 semper

190 3945 233 4004 dit
246 3943 432 4012 edificantes,
448 3943 489 4001 ita
502 3962 575 4002 nunc
597 3961 646 4012 per
668 3943 780 4016 linguas
834 3947 923 4004 Deum
939 3947 1065 4016 laudant,
1083 3955 1112 4004 et
1129 3951 1273 4012 continue.
1288 3949 1337 4006 ubi
1351 3965 1424 4007 senr-

189 4014 318 4075 conludit
330 4015 457 4084 ludaeos,
470 4015 517 4087 qui
534 4015 654 4073 multum
669 4015 778 4074 contusi
832 4033 884 4090 per
906 4024 971 4077 sunt
992 4018 1054 4076 dies
1083 4017 1199 4088 laetitiae,
1213 4025 1242 4076 et
1266 4037 1423 4094 numquam

188 4089 314 4156 luerunt,
332 4089 446 4170 quando
466 4091 523 4142 tam
542 4088 650 4169 grande
664 4093 778 4161 tamque
833 4090 912 4148 deest
926 4091 1104 4160 solemnitas,
1120 4099 1149 4147 et
1165 4091 1323 4163 gratiarum
1334 4093 1421 4162 aedo,

118 4197 123 4204 -
189 4156 475 4218 nouummrraculum
489 4158 653 4217 audierunt.
832 4165 861 4217 et
877 4177 928 4218 vox
955 4160 1058 4230 laudis,
1085 4161 1285 4230 scriptumest
1307 4167 1386 4220 eninr
1414 4183 1421 4222 :

230 4237 261 4302 nl
278 4233 352 4290 linus
370 4233 473 4287 surtran
490 4246 542 4311 nsr·
556 4245 725 4289 caucaseos.
744 4261 779 4272 -
831 4234 911 4290 Beati
929 4237 979 4306 qui
999 4235 1128 4290 inuitant
1146 4237 1176 4290 in
1191 4235 1269 4292 domo
1285 4241 1345 4300 ltro.
1370 4239 1422 4294 ur

191 4307 223 4364 ln
248 4305 303 4362 hac
327 4319 395 4378 ergo
424 4299 604 4384 solemnitate
632 4301 779 4359 laudemus
831 4307 915 4375 mine,
929 4307 960 4362 in
982 4307 1073 4362 seculo
1096 4307 1248 4364 seculorum
1263 4307 1421 4366 tondebunt

192 4378 258 4434 totis
273 4375 380 4436 viribus
392 4373 737 4448 Donunum,exsultemus
750 4379 778 4432 el
832 4381 867 4434 tc.
881 4379 938 4434 lloc
953 4376 1072 4436 marium
1088 4379 1145 4435 seri
1155 4377 1285 4435 rnouaclri
1298 4379 1421 4446 iaciunt,
