2974 5040
202 375 247 435 lle
531 367 689 428 SECUNUAE
716 369 837 430 realis
865 373 969 428 carun
996 365 1085 427 lxlll

204 495 329 554 namque
348 478 455 538 similes
475 479 602 538 crucifixi
619 497 625 538 ι
642 481 693 538 eed
713 497 786 538 unus
841 483 868 536 et
881 493 942 534 oum
955 479 1006 534 a'tlo
1018 475 1289 534 lenoneoeeorcbilo'
1299 473 1437 548 praedici

204 553 234 612 in
247 569 331 612 cruce
346 553 531 624 blasphemus
547 553 639 625 pejor,
659 554 787 610 altercat
841 551 948 622 pendia
961 551 1115 622 possidere.

204 625 382 684 confessione
392 624 631 696 llartyrellectus.
648 623 719 693 Quia
735 641 787 698 per
878 627 911 696 ab
925 623 1086 679 Ριιιιιιτιι
1097 623 1129 679 Β.
1144 621 1246 678 Massa
1253 618 1307 687 V.,
1317 619 1437 676 souma

204 697 445 770 Baptismumquo
457 711 520 752 cum
532 701 695 770 peccatores
708 713 786 754 esso·
842 709 875 750 ιι
890 709 1037 751 nonianus.
1052 721 1088 738 -·
1102 695 1136 750 Et
1150 693 1242 749 multa
1259 690 1324 774 alia
1339 689 1437 746 eond-

204 785 268 828 mue
287 767 431 825 abluimur
451 783 458 824 ι
478 767 538 838 elil,
557 768 624 825 dum
646 771 734 826 Deum
756 767 787 824 ln
841 765 1028 823 tiadicebant
1041 771 1109 823 tunc
1123 763 1282 832 maledicta,
1300 759 1359 833 qul
1370 761 1437 842 ade-

204 856 290 898 carne
309 854 435 911 passum,
454 839 522 907 lide,
542 855 555 895 s
576 856 602 906 e,
622 845 651 896 et
669 837 788 897 caritate
842 845 909 896 rant
930 837 1037 893 ibidem
1059 835 1179 894 Domino
1198 836 1280 902 lesu,
1298 838 1334 890 et
1350 832 1436 889 lacre-

205 855 789 980 1ιιιι1ιιιι,ιοιοιιιιιι;ιῗιῌιιιιιιιιί·
842 911 921 968 bant.
937 911 999 981 lpse
1013 923 1081 966 sero
1099 908 1207 988 docens
1221 921 1277 972 nos
1293 903 1329 960 in
1347 903 1438 960 tribn-

205 983 271 1041 dem
292 987 341 1038 aut
359 997 447 1054 opera
474 982 654 1052 Baptismatis
680 983 787 1040 babere
842 981 949 1038 latione
962 979 1070 1038 babere
1103 977 1255 1036 atientram
1276 982 1311 1034 et
1330 989 1437 1048 perae-

206 1057 342 1122 reuuunt,
357 1053 433 1124 dopo
445 1053 522 1123 quod
537 1059 717 1125 acceperunt,
733 1053 790 1181 pri·
842 1051 1012 1121 vorantium,
1028 995 1213 1108 nibiYomlnus
1224 1048 1439 1130 perseverabat

206 1131 310 1180 uantur
322 1141 329 1179 ι
341 1142 355 1176 o
365 1125 516 1180 baecllede.
529 1125 610 1192 Quod
620 1128 706 1182 etiarn
716 1141 733 1182 a
745 1131 788 1181 ter
843 1129 871 1181 et
884 1123 1070 1196 permanebat
1093 1124 1122 1179 in
1136 1137 1221 1180 cruce
1236 1135 1341 1192 usque
1355 1135 1387 1175 ιι
1402 1119 1438 1174 li·

206 1196 352 1253 latronum
362 1197 570 1264 murmurabat,
586 1197 659 1254 alter
673 1213 740 1266 non,
751 1198 789 1252 sl·
843 1209 921 1264 nem,
933 1199 966 1250 nt
975 1193 1120 1251 diabolum
1128 1201 1247 1266 prorsus
1257 1192 1439 1256 destrueret,

207 1267 326 1340 guillcat
341 1265 418 1338 quod
438 1267 651 1325 tribulationem
668 1268 715 1324 olii
731 1283 788 1341 pe·
843 1275 872 1324 et
890 1264 982 1339 spolie
996 1281 1048 1322 sua
1062 1265 1088 1322 ei
1101 1265 1240 1322 auferret.
1257 1263 1374 1320 Omnia
1386 1277 1439 1342 aa·

206 1339 313 1397 tientor
327 1337 515 1407 sustinent,ot
529 1355 663 1396 coronam
677 1355 788 1397 meren·
842 1344 901 1396 tem
916 1341 970 1394 ista
983 1337 1119 1394 dicuntur
1132 1343 1162 1394 et
1180 1335 1266 1404 liunt,
1278 1335 1438 1390 moesn'ssa·

206 1417 264 1479 tur,
280 1408 329 1466 alii
348 1425 405 1466 non
432 1410 574 1466 sustinent
588 1412 740 1484 patienter,
758 1415 788 1468 et
844 1425 891 1468 ma
913 1412 1002 1466 lletro
1029 1423 1081 1465 sua
1104 1411 1250 1481 prasente
1276 1423 1285 1462 :
1318 1406 1440 1464 Stabunt

207 1480 421 1541 damnationem
448 1489 672 1554 consequuntur.
710 1483 788 1540 Unde
843 1481 922 1540 enim
940 1481 1147 1552 joataeaoem
1164 1481 1229 1536 Jecu
1249 1482 1349 1534 ιιιιιι·
1371 1477 1440 1546 ejas,

207 1555 243 1613 do
256 1553 471 1626 impatientibus
484 1553 525 1609 sic
538 1553 576 1610 all
591 1558 670 1624 liupo
686 1571 693 1611 ι
709 1577 723 1606 ι
739 1553 788 1611 lli-
844 1560 870 1612 et
884 1569 961 1610 soror
971 1552 1074 1608 'meledo
1085 1551 1145 1622 ejus
1155 1551 1251 1608 noea
1265 1551 1441 1621 Uleeplaoe,et

206 1631 275 1685 cunt
291 1627 421 1682 hemines
439 1625 552 1695 quaudo
566 1641 681 1698 poenam
698 1626 790 1682 susti·-
844 1629 938 1685 Mosae
945 1623 1109 1693 umectam
1116 1620 1439 1694 cumloanneapostolo

207 1702 277 1756 nent
297 1713 303 1752 ι
321 1696 351 1753 si
372 1695 584 1765 meruissemus,
606 1713 665 1760 non
685 1700 789 1754 erube·
845 1698 928 1768 cujus
942 1695 1038 1752 blateis
1055 1696 1213 1766 compassio
1236 1692 1370 1750 multum
1384 1707 1440 1749 an-

208 1783 353 1826 sceremue
366 1783 374 1834 ;
388 1782 462 1822 nunc
477 1771 572 1822 autem
599 1767 705 1840 lnjuste
731 1769 790 1842 pati
845 1769 1011 1842 gmontebat
1019 1767 1090 1824 Filio
1100 1765 1284 1838 passionem
1300 1769 1335 1820 et
1349 1779 1440 1822 econ·

210 1844 239 1898 et
258 1837 321 1894 sine
343 1839 439 1907 culpa,
466 1837 549 1894 nobis
567 1838 791 1910 ignominiosum
844 1855 928 1898 serso
947 1839 1010 1910 ipsa
1034 1853 1098 1895 cum
1119 1837 1189 1894 Filio
1205 1838 1236 1892 in
1251 1851 1345 1893 cruce
1368 1851 1439 1907 pen-

212 1915 265 1968 est.
282 1912 342 1967 lmo
366 1925 434 1966 rere
454 1908 479 1965 si
505 1925 555 1980 pro
571 1911 614 1968 cul
636 1912 791 1984 spateris,
848 1913 934 1971 debat
949 1909 1066 1966 mentali
1085 1909 1195 1979 dolore,
1208 1913 1237 1965 et
1258 1907 1364 1980 potius
1380 1907 1440 1964 ele·

211 1983 364 2063 erubesce3
378 1979 402 2062 si
416 1980 578 2054 sineculpa,
593 1927 725 2056 gloriare.
739 1986 791 2042 La·
848 1984 935 2058 gisel
951 1997 1016 2038 eum
1031 1981 1091 2054 ipso
1107 1981 1191 2049 mori,
1206 1994 1295 2052 quam
1309 1995 1363 2036 am
1385 1978 1440 2034 line

210 2059 255 2113 tro
271 2069 363 2126 magro
376 2069 419 2110 ιιι
441 2069 515 2121 ιιιι,
534 2069 620 2125 qaram
644 2055 790 2125 cbristus3
848 2057 954 2112 rivere.
971 2053 1050 2110 Unde
1070 2052 1256 2108 Beroea-duo:
1279 2051 1337 2108 so
1407 2065 1442 2105 ne

210 2132 239 2186 et
251 2127 324 2184 sorte
339 2125 453 2184 sinister
466 2129 494 2183 et
506 2126 793 2199 blasphemetoc,non
848 2130 926 2195 lesu,
941 2139 1045 2196 magna
1063 2123 1170 2196 pateris
1183 2121 1309 2181 anterius
1323 2121 1358 2178 in
1377 2137 1442 2177 eor-

210 2199 368 2258 consessor.
383 2200 423 2255 Tu
435 2197 513 2254 onim
527 2213 578 2270 pro
593 2200 676 2271 culpa
686 2198 794 2272 pateris
849 2213 938 2273 poro,
953 2201 1003 2253 sed
1022 2197 1112 2252 molto
1129 2195 1240 2268 majora
1261 2196 1391 2250 interius
1410 2192 1440 2247 io

212 2275 240 2330 el
259 2271 371 2343 culpem
386 2269 528 2342 agnoscis,
544 2275 574 2326 et
590 2271 721 2328 iudicem
736 2286 795 2328 non
850 2269 947 2338 cordo,
961 2283 995 2325 ex
1012 2267 1210 2340 compassione
1225 2268 1327 2324 llatrle
1341 2263 1441 2322 omnia

212 2341 357 2400 veneraris
374 2357 381 2396 ι
399 2360 412 2392 ι
428 2342 487 2396 ιιι
502 2344 591 2409 llapo.
850 2347 943 2400 tecum
958 2337 1170 2412 participantis!
1188 2357 1203 2390 ι
1229 2339 1293 2394 baec
1316 2340 1441 2394 Βινιιιι·

248 2418 282 2480 ed
298 2414 533 2468 Docuuaoramm
544 2429 578 2467 ιι
592 2429 734 2470 ιιιιιιοιι
747 2429 795 2469 ιι-
851 2415 912 2471 dus.
922 2411 1051 2484 Undique
1061 2416 1130 2467 eunt
1143 2411 1294 2484 augustiae,
1306 2409 1438 2479 undique

851 2489 919 2542 sunt
936 2487 1079 2540 tormeme
1092 2487 1120 2538 et
1133 2497 1225 2554 poenae
1235 2499 1244 2552 ;
1266 2479 1374 2537 eentiri
1391 2493 1441 2552 po·

851 2560 976 2624 luerunt,
1001 2553 1113 2610 narrarl
1137 2569 1195 2610 non
1214 2555 1351 2625 possunt.
1382 2553 1442 2608 Sta

215 2500 313 2540 raorus
323 2499 436 2538 ιιιιιτιιι
451 2499 483 2538 ιτ
498 2500 607 2538 οιιιιο.
619 2513 646 2526 -
663 2484 797 2542 Conside-

214 2571 248 2611 ra
264 2561 445 2623 nuuc‘quam
466 2553 560 2623 magni
576 2555 725 2626 despectus
742 2555 796 2612 luit

214 2624 311 2682 illusio
329 2621 448 2680 latronis
463 2623 582 2692 sinistri,
598 2639 632 2680 eo
648 2626 724 2696 quod
736 2631 795 2683 tam

215 2695 279 2752 uilis
302 2699 331 2752 et
349 2693 505 2751 sceleratus
520 2695 616 2764 bomo,
636 2703 664 2752 et
684 2698 744 2769 jam
760 2700 796 2754 ad

217 2774 340 2826 mortem
364 2766 528 2832 damnatus,
546 2771 574 2823 el
595 2783 659 2823 mox
672 2783 725 2841 pro
739 2769 797 2826 ιιίι

215 2837 384 2896 vulneribus
401 2837 556 2895 moriturus
567 2837 713 2896 insultavit
731 2839 797 2897 eltae

216 2909 345 2969 ductori.
361 2941 395 2952 -
408 2911 446 2965 Ex
460 2911 514 2966 boc
525 2910 644 2968 articulo
656 2910 798 2969 illusionis

216 2983 337 3040 latronis
361 2981 483 3039 babetur
504 2982 706 3040 documentum
730 2983 797 3056 tale,

217 3054 293 3126 quod
305 3053 448 3110 discamus
460 3054 588 3126 exemplo
604 3053 708 3112 Christi
723 3055 798 3112 calu·

217 3123 797 3199 mulasetiamavillbnspersonispatieo·

217 3203 263 3256 ter
280 3202 459 3270 supportare.
480 3198 562 3268 ltem,
577 3201 621 3255 est
643 3199 797 3255 documen·

215 3275 277 3328 tum
291 3269 322 3327 in
339 3271 449 3327 latrone
465 3268 574 3342 dextro,
590 3269 666 3342 quod
678 3269 798 3342 injurias

219 3342 271 3400 Dei
287 3341 730 3412 nullalenustoloraredebemus,
747 3342 798 3399 sod

219 3413 434 3484 reprehendere
455 3411 529 3467 sicot
555 3413 623 3469 lecit
644 3412 717 3468 latro
731 3412 797 3470 iste.

219 3483 510 3552 ltem,documenlum
519 3489 572 3546 cst,
584 3489 800 3555 quantumcum-

217 3572 272 3628 quo
291 3557 380 3611 sinsus
394 3552 526 3610 scelerati
540 3559 711 3624 peccatores,
724 3563 800 3613 atta-

217 3641 284 3682 men
300 3625 335 3682 de
355 3623 405 3681 llol
422 3622 619 3682 misericordia
636 3627 800 3686 nullalenus

218 3699 413 3770 desperemus,
429 3695 557 3770 exemplo
575 3695 656 3754 istius
671 3706 800 3770 peccato·

217 3768 269 3838 ris,
296 3767 355 3840 qui,
381 3773 413 3826 ut
436 3766 503 3824 dicit
529 3769 715 3842 Augustinus,
746 3787 799 3844 per

218 3855 308 3898 uuum
322 3839 441 3897 verbum
453 3839 543 3897 lactus
561 3846 606 3898 est
618 3842 701 3899 beros
714 3857 799 3925 pare·

219 3910 284 3968 disi.
297 3941 326 3953 -
339 3910 382 3967 ad
393 3911 629 3970 conformandum
639 3929 670 3971 se
679 3915 745 3971 burc
757 3929 801 3972 ar·

852 2630 901 2686 bat
913 2625 1002 2683 llario
1016 2639 1083 2682 cum
1106 2624 1210 2682 ceteris
1222 2626 1306 2696 juxta
1318 2637 1438 2680 cracem

852 2715 983 2772 corpore,
997 2697 1047 2754 sed
1061 2695 1092 2753 in
1115 2711 1201 2753 cruce
1214 2701 1276 2751 tota
1295 2693 1439 2766 migrare·

852 2777 897 2828 rat
920 2773 1024 2826 mento.
1044 2769 1117 2842 ¹Non
1142 2768 1291 2824 avertebat
1305 2767 1440 2824 oculosa

852 2842 934 2910 lilio,
953 2838 1173 2912 angustiabatur
1191 2846 1222 2896 ut
1234 2837 1309 2910 ipse,
1329 2845 1362 2895 et
1379 2843 1436 2893 tote

852 2913 939 2971 corde
951 2915 1052 2969 orabat
1072 2914 1185 2968 Patrem
1203 2925 1253 2982 pro
1268 2925 1317 2980 eo,
1335 2914 1368 2966 et
1388 2907 1436 2966 m·-

852 2986 907 3043 llus
922 2983 1054 3042 similitor
1069 2984 1171 3040 orabat
1187 2995 1239 3054 pro
1259 2983 1364 3039 Matre.
1383 2982 1438 3037 Un-

852 3059 888 3115 de
904 3057 1092 3113 emarcum:
1116 3073 1132 3107 ι
1151 3052 1339 3125 Fugientibus
1358 3055 1439 3125 Apo·

853 3127 943 3198 stolis,
958 3126 1048 3184 Uaria
1072 3131 1139 3182 ante
1160 3139 1273 3182 crucem
1287 3127 1397 3194 stabat,
1412 3129 1440 3179 et

852 3200 908 3274 piis
934 3198 1081 3272 spectabat
1104 3197 1194 3254 oculis
1209 3195 1270 3253 Filii
1294 3195 1437 3253 vulnera:

853 3272 921 3344 quia
937 3271 1120 3344 exspectabat
1139 3285 1197 3326 nou
1214 3268 1346 3340 plgnoris
1361 3282 1437 3324 mor·

853 3349 923 3413 tem,
937 3345 987 3400 sad
1006 3339 1105 3398 mundi
1119 3340 1255 3408 salutem;
1273 3345 1324 3397 aut
1336 3337 1437 3396 lartes-

854 3431 895 3485 se,
907 3415 975 3487 quia
988 3418 1161 3486 cognoverat
1170 3426 1222 3485 por
1237 3411 1302 3469 Filii
1315 3417 1437 3468 mortem

854 3486 954 3545 mundi
971 3483 1208 3557 redemptionem,
1237 3485 1305 3541 aula
1331 3481 1436 3557 regalis

853 3559 973 3632 putabat
990 3571 1021 3614 se
1035 3561 1065 3613 et
1077 3571 1130 3613 sua
1142 3559 1235 3612 morte
1250 3553 1367 3628 publice
1379 3569 1439 3610 mu·

855 3629 917 3687 neri
942 3627 1050 3700 aliquid
1077 3627 1252 3684 addlturem.
1282 3625 1340 3686 Sed
1358 3627 1440 3684 lasus

854 3716 914 3760 non
928 3701 1031 3774 egebat
1043 3699 1174 3773 adjutore
1188 3699 1226 3756 ad
1237 3698 1369 3756 omnium
1381 3697 1441 3754 red·

854 3772 1038 3846 emptionem.
1065 3789 1080 3826 ι
1106 3771 1187 3828 Unde
1214 3773 1245 3828 ot
1272 3771 1440 3840 carpemu-

854 3861 935 3902 meea
951 3863 966 3896 ι
978 3845 1010 3900 ln
1025 3841 1161 3900 Passieno
1176 3839 1284 3898 delsti
1296 3841 1354 3899 duo
1365 3839 1439 3896 side

855 3916 898 3974 bis
912 3915 1030 3974 altaria:
1047 3929 1135 3972 unum
1150 3915 1179 3970 in
1197 3919 1314 3986 pectore
1330 3911 1437 3976 Uaria,

218 3981 317 4050 ticulo,
327 3981 461 4064 ,attondat
474 3984 560 4040 bomo
575 3985 756 4057 documenta,
772 3990 801 4042 ot
855 3988 933 4045 aliud
949 3986 979 4043 in
992 3986 1096 4044 Christi
1111 3989 1197 4042 carne
1206 4001 1215 4056 3
1236 3984 1369 4043 cbristus
1381 3997 1440 4039 car

220 4059 293 4118 oret,
306 4054 427 4110 drcendo
448 4069 456 4109 ι
475 4057 550 4122 desa,
563 4059 613 4125 qai
633 4058 731 4112 titled
746 4073 800 4114 uno
855 4072 931 4129 nem,
956 4060 1045 4115 Beata
1070 4058 1159 4114 llaria
1184 4055 1356 4113 lmmolabat
1384 4051 1441 4111 ani·

220 4127 359 4182 latronum
379 4125 544 4194 eaprodrora'
561 4133 587 4181 et
599 4127 635 4182 ed
649 4129 706 4184 olto
720 4143 800 4185 oeae·
855 4146 942 4188 mam.
959 4130 1044 4202 Optat
1059 4127 1176 4201 quidem
1192 4128 1254 4200 ipsa
1274 4127 1312 4184 ad
1329 4123 1443 4198 sangui·

219 4197 349 4254 rabiliter
362 4199 485 4266 confiteri
498 4197 621 4264 voluisti,
634 4201 681 4265 see
693 4215 735 4254 me
748 4215 800 4272 pro
856 4219 922 4260 nem
947 4201 1009 4258 Filii
1031 4201 1138 4257 addere
1160 4215 1210 4256 sen
1234 4201 1334 4255 ulnam
1352 4195 1443 4254 carme

220 4273 263 4328 tui
272 4269 490 4338 nominaveras
500 4269 687 4337 melienorum
696 4273 800 4343 impro-
856 4287 927 4344 suae,
943 4277 972 4332 et
991 4287 1055 4330 cum
1074 4271 1198 4330 Domino
1212 4215 1282 4329 ffeeu
1301 4265 1443 4344 corporali

218 4343 300 4422 perio
317 4356 424 4416 semper
441 4342 635 4415 equanimiter
652 4345 800 4416 sustinere
857 4351 949 4404 morte
963 4343 1170 4420 redemptionis
1184 4343 1291 4403 nostres
1306 4353 1445 4400 coneum·
