2974 5040
149 335 194 390 tas
495 329 652 386 titutum
678 329 796 386 Pharis
823 328 927 386 cliui
952 329 1038 387 ixii

147 437 343 500 ltedeuntibus
352 434 515 496 autemillis
525 452 625 496 versus
636 439 732 496 bomi-
789 438 932 498 dellnente
951 438 1049 496 oculos
1070 439 1214 511 tangeret,
1242 432 1382 513 continno

148 529 229 584 num,
242 517 273 568 ut
286 512 415 568 oiderrmt
426 527 486 567 eum
497 511 558 582 jum
572 516 708 568 mortuum
724 533 731 569 :
790 511 863 568 clare
878 509 959 582 vidit,
975 516 1004 568 et
1018 513 1148 594 protinus
1159 505 1384 587 illuminatarum

146 583 269 658 eoquod
282 582 431 641 acerbiora
444 581 583 656 supplicia
598 598 682 654 quam
695 583 734 640 la·
790 583 933 640 Christum
952 583 1083 640 credidit.
1105 582 1185 640 Unde
1214 585 1245 637 et
1269 579 1384 657 mihtin

144 661 242 714 tronea
257 655 415 730 pertulerat
437 655 480 712 rel
496 657 563 726 quia
580 655 734 712 lorteante
790 655 903 725 cedens,
935 653 1091 712 instructus
1116 655 1153 711 ab
1172 649 1336 724 apostolis,
1355 663 1384 703 ιι
1485 647 1486 668 ¹

145 729 217 787 alios
235 743 388 800 suspensus
404 725 467 796 luit,
478 727 522 784 rel
537 725 605 800 quia
637 731 736 783 otesto·
790 729 919 785 Caesarea
933 725 1119 800 cappadocia
1129 725 1328 796 trigintaocto
1339 735 1387 801 aa

145 806 199 858 teia
214 800 335 874 ponendi
361 801 485 854 unimam
501 813 582 856 suam
611 744 732 867 liabuiu
790 801 835 856 nis
849 799 1044 856 monachicam
1069 800 1157 855 sitam
1183 795 1276 862 duxit,
1303 799 1336 849 et
1358 807 1387 846 ιιι
1485 824 1486 831 ι

145 889 201 930 uon
218 874 363 941 fregerunt
388 870 448 940 ejus
471 887 564 941 muro,
585 869 652 942 quia
680 871 735 926 hoc
792 872 868 928 omni
882 870 1032 928 sanctitate
1046 884 1232 943 permanens,
1248 864 1345 922 serbo
1359 867 1385 919 et

148 959 206 1001 non
222 944 317 1012 fiebat,
333 940 389 998 nisi
402 941 439 998 ad
453 942 507 999 hoc
522 941 599 1015 quod
614 943 735 998 evadere
790 943 918 1014 exemplo
933 942 1037 1000 multos
1051 941 1088 999 ad
1101 940 1247 1000 Christum
1261 951 1386 993 conser-

148 1029 207 1074 non
220 1017 336 1086 possent
349 1013 471 1086 depositi
486 1014 522 1071 de
541 1012 688 1087 patibulis,
705 1017 736 1070 ut
791 1014 833 1071 tit.
848 1017 888 1072 [ie
901 1031 935 1072 eo
953 1029 1064 1086 quoque
1083 1015 1123 1070 sic
1137 1011 1208 1070 dicit
1223 1009 1385 1088 [sodoma

151 1087 312 1157 impieretur
325 1087 737 1158 consecutiveSoripturo,qua
794 1108 808 1139 κ
831 1087 940 1144 Lancea
965 1087 1108 1158 Longinus
1128 1085 1202 1142 latus
1224 1081 1386 1140 salvatores

151 1156 255 1215 dicitnr
265 1158 292 1214 in
308 1157 402 1214 Exodo
414 1175 421 1215 :
433 1158 470 1214 Os
481 1175 536 1214 nou
550 1160 737 1215 comminuetis
792 1157 913 1240 apernit,
926 1163 954 1214 et
968 1173 1025 1214 non
1043 1162 1155 1214 tantum
1170 1169 1288 1211 reniam
1305 1165 1386 1207 inse

154 1245 188 1286 eu
205 1245 244 1294 eo,
262 1227 379 1298 scilicet,
396 1245 430 1286 ex
446 1229 572 1286 Paschali
586 1246 672 1300 agno,
688 1228 736 1302 qui
793 1235 845 1298 nrt,
859 1229 1097 1302 sedepiscopatus
1112 1232 1252 1285 honorem
1264 1229 1295 1281 et
1310 1237 1386 1279 inar-

153 1316 251 1358 serum
265 1302 378 1374 Agnum
390 1301 451 1371 liei,
466 1300 572 1358 scilieet
582 1300 736 1370 Christum,
792 1301 857 1374 tyrii
877 1317 1009 1358 coronam
1025 1298 1193 1374 promeruit.
1210 1318 1225 1350 ι
1244 1299 1310 1378 Non
1327 1292 1385 1350 sni-

152 1371 366 1445 praefigurabat,
394 1373 441 1440 oui
460 1379 588 1430 mortuus
612 1375 672 1444 jam
688 1389 736 1429 co·
792 1371 859 1429 lecit
874 1373 981 1430 ludaeis
1006 1371 1116 1430 stallis
1141 1369 1217 1444 quod
1237 1369 1388 1425 Christum

151 1449 213 1502 ctus
227 1446 264 1502 ad
280 1459 360 1503 esum
377 1444 506 1502 fidelium
522 1449 593 1502 crat.
611 1445 676 1501 ldeo
693 1449 735 1501 et·
793 1443 970 1510 occiderunt,
990 1444 1041 1502 sed
1065 1444 1151 1500 etiam
1177 1444 1387 1518 postmortem

152 1515 229 1574 enim
245 1515 425 1575 ordinatione
445 1517 541 1574 divina
553 1519 736 1573 constitutum
793 1515 983 1574 diuersimode
1013 1514 1183 1572 deriserunt.
1203 1511 1284 1569 Istud
1318 1511 1386 1566 oiim

150 1593 204 1658 est,
222 1593 253 1646 ut
266 1605 332 1646 ossa
346 1587 413 1661 agni
430 1588 573 1646 Paschalis
588 1603 645 1644 non
659 1587 736 1642 sran-
794 1587 848 1645 luit
866 1587 895 1644 in
913 1587 1036 1645 absalon
1053 1593 1275 1659 preostensam,
1298 1595 1388 1654 quern

149 1659 453 1788 atfittt’ltldil
467 1657 738 1802 thamaiath
794 1657 1387 1796 tilithiitittittttlhitiit

452 1772 459 1799 i
967 1777 973 1796 ι

148 1799 256 1859 veritas
267 1802 534 1872 corresponderent.
551 1801 660 1871 siant
674 1816 737 1858 cer·
794 1803 865 1866 fixit,
881 1807 910 1859 et
923 1803 1058 1875 armigeri
1077 1803 1148 1860 Joah
1170 1798 1276 1872 gladiis
1290 1797 1385 1870 ipsum

146 1872 328 1930 tilicarentur
350 1871 386 1930 de
400 1877 492 1930 morte
507 1873 578 1946 ejus,
603 1889 674 1928 unus
688 1875 739 1928 mi·
795 1873 948 1932 crudeliter
962 1873 1135 1931 invaserunt.
1150 1873 1196 1930 Sic
1212 1876 1243 1928 et
1255 1870 1387 1928 Christus

151 1942 537 2016 tuumhonginusnonine,
552 1949 620 2002 tunc
636 1943 739 2018 impius
795 1946 825 2003 in
854 1962 937 2003 cruce
968 1947 1069 2003 lancea
1084 1943 1193 2014 militis,
1218 1947 1247 1998 et
1268 1943 1387 2010 insuper

151 2021 181 2076 et
196 2016 347 2090 superbus,
362 2021 426 2090 post
447 2033 515 2074 sero
538 2031 691 2074 conversus
711 2019 740 2073 et
795 2017 886 2076 tribhs
899 2017 1015 2088 lanceis,
1032 2018 1060 2074 id
1073 2024 1117 2074 est
1130 2015 1222 2072 trihus
1233 2011 1386 2090 doloribus

153 2091 261 2163 Martyr
285 2087 387 2160 iactus,
406 2088 554 2162 porrigens
580 2087 687 2146 serrum
703 2089 739 2144 de
796 2092 838 2147 est
852 2090 999 2154 confixus:
1014 2104 1133 2162 quorum
1145 2086 1270 2160 primum
1284 2083 1385 2164 hahuit

155 2162 239 2234 longe
252 2163 347 2220 taurea
361 2177 474 2219 sacrum
495 2165 568 2218 tutus
583 2161 653 2232 eius,
668 2159 739 2217 scili·
796 2177 830 2218 ex
841 2160 1022 2235 propriarum
1035 2175 1187 2234 poenarum
1201 2155 1384 2239 magnitudi-

155 2239 201 2291 cet
227 2233 341 2291 Domini
366 2235 441 2304 lesu,
466 2233 595 2290 dextrum
625 2232 740 2290 vulnere
796 2249 847 2302 ne;
864 2231 1384 2302 secundum,exdilcctaehlatr1ssnae

152 2304 255 2376 grandi
274 2307 406 2377 operuit:
433 2309 465 2360 ut
491 2307 657 2376 impleretur
674 2305 741 2360 ¹alia
796 2303 1138 2376 amaritudine;tertium,
1152 2320 1186 2360 ex
1198 2305 1384 2380 peccatorum

155 2373 687 2500 Scriptura,gerosscilicatZacharias
700 2376 741 2430 oti·
797 2376 1013 2448 ingratitudine,
1037 2375 1141 2448 quihus
1161 2389 1242 2432 suam
1266 2373 1385 2429 Passio—

157 2447 320 2504 ceasii'ide
339 2448 739 2518 uattaquemtroasfieemmt;
796 2443 1385 2520 neropraescivitnonproluturamiore.Et

155 2515 186 2573 in
205 2531 263 2588 qus
280 2515 439 2588 prophetia,
463 2516 618 2573 secundnm
641 2517 739 2586 Augu-
796 2519 826 2577 in
840 2535 925 2591 super
937 2535 1022 2592 super
1034 2519 1099 2588 hoc,
1111 2516 1203 2576 ludaei
1219 2517 1383 2572 invaserunt

153 2591 268 2656 stiuam,
283 2584 441 2660 promissus
460 2592 504 2642 esi
519 2585 647 2644 Christus
661 2587 691 2643 in
706 2605 742 2646 ea
797 2607 861 2649 enm
875 2591 978 2664 gladiis
1003 2589 1164 2664 linguarum
1179 2603 1298 2646 suarum
1312 2601 1384 2642 acn-

153 2673 211 2732 qua
228 2656 378 2714 crncillxus
390 2661 433 2714 est
447 2673 532 2715 carne
548 2663 695 2716 venturus.
707 2662 742 2716 Et
796 2661 915 2720 tissImis
931 2680 939 2732 ;
959 2663 1012 2720 hoo
1034 2662 1118 2720 modo
1134 2676 1234 2719 omnes
1252 2659 1384 2716 volunta·

152 2733 222 2788 nota
236 2729 311 2800 quod
324 2727 377 2785 iste
389 2728 543 2786 milesfecit
553 2731 607 2788 hoc
619 2733 654 2788 ad
668 2747 741 2788 corn·
796 2733 833 2792 rii
847 2739 1012 2808 peccatores
1026 2733 1170 2791 Christum
1182 2725 1384 2800 invadunt,qui

152 2800 506 2876 placentiamiudaeorum,
517 2802 553 2859 de
563 2808 652 2860 morte
663 2802 741 2861 Chri·
797 2811 898 2889 sponte
913 2805 1069 2880 peccando,
1085 2804 1188 2862 iterato
1214 2803 1310 2876 ipsum
1322 2815 1383 2882 cru·

153 2872 189 2932 sti
199 2872 350 2930 ceruflcari
363 2872 530 2931 volentium.
546 2877 577 2931 ln
588 2891 644 2944 quo
655 2879 741 2932 etiam
798 2878 926 2950 ciligunt.
948 2879 1013 2936 Plus
1026 2881 1122 2935 autem
1137 2881 1266 2948 peccant,
1282 2889 1332 2946 qur
1344 2870 1382 2928 oi·

153 2949 233 3020 patet
254 2944 343 3002 nimia
355 2946 480 3018 ipsorum
497 2946 658 3018 crudelitas,
675 2948 742 3020 quia
798 2950 917 3007 tendunt
932 2949 1076 3007 Christum
1091 2952 1259 3020 regnantem
1271 2946 1303 3002 in
1315 2943 1383 3001 diri·
1485 2948 1486 2959 ¹

155 3031 213 3075 non
225 3015 334 3100 ¹satiati
357 3015 466 3100 poenis,
482 3033 552 3090 quas
569 3019 681 3075 Christo
699 3021 741 3074 vi·
798 3021 896 3090 nitate,
913 3037 1000 3092 quam
1019 3021 1068 3104 qui
1097 3019 1299 3077 crucifixerunt
1321 3029 1382 3072 euni

156 3095 233 3146 senh
247 3088 515 3159 indixerant,et1am
527 3095 672 3148 mortuum
682 3091 742 3147 vul·
799 3097 1014 3150 conversantem
1032 3109 1063 3148 ιιι
1078 3090 1264 3150 humanitate.

156 3175 259 3218 narare
269 3161 364 3220 conati
377 3167 454 3218 sunt.
469 3161 515 3219 Sic
527 3167 555 3219 et
566 3162 650 3220 hodie
663 3161 743 3220 Chri·
838 3169 869 3220 ιδ
884 3166 1046 3222 llrnscnnmr
1069 3181 1101 3220 ns
1123 3177 1302 3220 sromrrcamo
1321 3175 1381 3215 sus-
1485 3198 1486 3203 η

155 3237 231 3291 stum
241 3233 329 3292 semel
344 3231 508 3292 crucillaum
519 3239 637 3293 conatur
646 3250 744 3292 rursus
800 3252 891 3294 omnis
918 3253 950 3293 sn
978 3253 1056 3300 sona
1084 3253 1118 3292 ns
1146 3251 1249 3292 nsrsns
1277 3231 1382 3310 Cannu

159 3304 318 3376 vulnerare,
332 3307 392 3376 'qui
411 3307 473 3363 sine
497 3307 600 3363 timore
627 3321 744 3388 peccaro
800 3324 939 3364 runnurrs.
951 3339 987 3351 -
1000 3305 1238 3366 sedcontumelia
1253 3301 1383 3361 aJudaers

155 3376 315 3506 lpraesumit,
325 3376 370 3434 rel
389 3375 424 3432 de
439 3381 556 3448 peccato
571 3392 602 3434 se
624 3382 743 3450 Jactarc.
800 3379 880 3437 illata
894 3378 924 3437 in
938 3378 1051 3452 signum
1063 3379 1179 3453 prodiit,
1192 3376 1260 3450 quia
1274 3374 1310 3432 do
1324 3387 1383 3430 cor·
1477 3391 1478 3394 ¹

181 3447 236 3505 nde
250 3447 432 3516 Theophilus:
448 3447 511 3502 «Ut
521 3446 628 3504 Jndaeis
640 3447 744 3504 milites
802 3466 869 3523 pore
881 3453 1017 3509 exstincto
1031 3452 1146 3523 sanguis
1160 3464 1255 3517 verus,
1271 3451 1300 3504 et
1314 3457 1384 3516 aqua
1485 3458 1486 3461 ¹

157 3515 745 3645 complaceant,lanceantChristumfcirca
801 3517 1385 3594 puramiraculosemanaverunt.Undosa·

153 3604 255 3662 corpus
271 3586 402 3646 exanime
415 3586 603 3645 contumelias
618 3589 648 3646 in
660 3605 744 3647 eren·
800 3593 897 3665 quitur
913 3611 920 3651 :
936 3597 973 3651 Et
989 3596 1116 3651 contiuuo
1132 3595 1221 3650 aeioit
1235 3591 1351 3660 sanguis
1364 3590 1386 3642 st

153 3669 206 3717 tes.
221 3680 236 3712 ιι
253 3659 332 3717 Unde
347 3665 376 3718 et
393 3660 621 3730 chrysostomus:
640 3679 654 3715 a
670 3662 743 3732 Apa·
800 3681 884 3737 aquo,
899 3665 1157 3738 exquibushahent
1167 3661 1328 3720 efficaciam
1340 3660 1385 3716 lic·

153 3735 273 3788 ruerant
288 3733 349 3805 ejus
364 3737 473 3791 costam
498 3731 608 3806 lancea,
629 3740 743 3791 mortuo
800 3736 893 3794 clesiae
907 3741 1096 3795 sacramenta.
1108 3738 1271 3793 llocautem
1286 3733 1385 3790 lactum

47 3863 54 3876 ·
152 3803 744 3950 aamassanellus.ui.
798 3804 1385 3949 iiiiiialterumalteum

154 3945 244 4029 litem,
261 3945 349 4003 multo
364 3947 488 4005 deterius
500 3949 564 4019 luit,
580 3965 665 4033 quam
678 3965 742 4007 cru·
799 3951 986 4024 ablutionem,
998 3897 1106 4009 scilicet
1115 3967 1133 4009 a
1142 3947 1279 4024 peccatis,
1291 3955 1319 4004 at
1331 3961 1385 4027 ma·
1485 3969 1486 3976 ι

155 4017 242 4090 crdgr.
254 4038 269 4070 ιι
286 4019 386 4100 Fertur
400 4023 496 4076 autem
507 4021 583 4092 qnod
592 4021 681 4086 illius.
694 4020 743 4094 qui
799 4022 888 4080 culis:
905 4022 1060 4108 apeccatis
1073 4023 1200 4096 quidem,
1211 4037 1264 4094 per
1276 4033 1384 4090 sangui·

159 4105 231 4172 eum·
244 4089 395 4160 lanceavit,
409 4105 474 4147 cum
493 4091 553 4148 lere
572 4091 744 4168 caligassent
799 4111 876 4165 nem,
891 4111 940 4168 qur
951 4101 994 4154 est
1006 4096 1130 4169 pretium
1148 4103 1255 4152 nostrae
1270 4091 1382 4148 redem-

158 4161 743 4236 ocuhprasenectute,etcasu,veipotius
798 4165 913 4239 ptiouis,
939 4168 1096 4225 secundum
1123 4165 1196 4223 illud
1215 4161 1309 4221 Petri:
1324 4163 1380 4221 iim

159 4241 230 4292 nutu
249 4233 354 4304 divino,
371 4233 444 4292 sicut
462 4239 489 4290 et
509 4233 660 4305 lanceavit,
678 4235 743 4293 licet
799 4240 1026 4312 corruptibilibus
1041 4255 1108 4296 auro
1123 4244 1148 4295 et
1159 4234 1381 4307 argentomum·
1485 4217 1486 4302 i

160 4304 742 4380 nesciens,sanguineChristiperlanceam
796 4311 842 4381 pti
850 4313 927 4382 estis,
935 4311 1252 4383 sedprsttososaagutae
1264 4305 1378 4364 Christi:
