<?xml version="1.0" encoding="UTF-8"?>
<!DOCTYPE html PUBLIC "-//W3C//DTD XHTML 1.0 Transitional//EN"
    "http://www.w3.org/TR/xhtml1/DTD/xhtml1-transitional.dtd">
<html xmlns="http://www.w3.org/1999/xhtml" xml:lang="en" lang="en">
 <head>
  <title>
</title>
<meta http-equiv="Content-Type" content="text/html;charset=utf-8" />
  <meta name='ocr-system' content='tesseract 3.04.00' />
  <meta name='ocr-capabilities' content='ocr_page ocr_carea ocr_par ocr_line ocrx_word'/>
</head>
<body>
  <div class='ocr_page' id='page_1' title='image "./vitajesuchristi03ludogoog/vitajesuchristi03ludogoog_0173.png"; bbox 0 0 2974 5040; ppageno 0'>
   <div class='ocr_carea' id='block_1_1' title="bbox 228 397 1128 463">
    <p class='ocr_par' dir='ltr' id='par_1_1' title="bbox 228 397 1128 463">
     <span class='ocr_line' id='line_1_1' title="bbox 228 397 1128 463; baseline -0.017 0"><span class='ocrx_word' id='word_1_1' title='bbox 228 411 270 463; x_wconf 79' lang='lat' dir='ltr'><strong>tte</strong></span> <span class='ocrx_word' id='word_1_2' title='bbox 565 397 721 454; x_wconf 73' lang='lat' dir='ltr'>SECUNM</span> <span class='ocrx_word' id='word_1_3' title='bbox 749 397 869 452; x_wconf 76' lang='lat' dir='ltr'><strong>ittits</strong></span> <span class='ocrx_word' id='word_1_4' title='bbox 897 397 1001 450; x_wconf 71' lang='lat' dir='ltr'><strong>utilit</strong></span> <span class='ocrx_word' id='word_1_5' title='bbox 1033 397 1128 450; x_wconf 79' lang='lat' dir='ltr'><strong>txt‘ii</strong></span> 
     </span>
    </p>
   </div>
   <div class='ocr_carea' id='block_1_2' title="bbox 174 499 1426 2580">
    <p class='ocr_par' dir='ltr' id='par_1_2' title="bbox 174 499 1426 2580">
     <span class='ocr_line' id='line_1_2' title="bbox 226 499 1417 586; baseline -0.007 -18"><span class='ocrx_word' id='word_1_6' title='bbox 226 512 369 586; x_wconf 76' lang='lat' dir='ltr'><strong>virginum</strong></span> <span class='ocrx_word' id='word_1_7' title='bbox 384 507 510 578; x_wconf 89' lang='lat' dir='ltr'><strong>eestites,</strong></span> <span class='ocrx_word' id='word_1_8' title='bbox 531 521 599 564; x_wconf 86' lang='lat' dir='ltr'><strong>erux</strong></span> <span class='ocrx_word' id='word_1_9' title='bbox 611 502 746 580; x_wconf 81' lang='lat' dir='ltr'><strong>goudium</strong></span> <span class='ocrx_word' id='word_1_10' title='bbox 760 519 807 562; x_wconf 88' lang='lat' dir='ltr'><strong>se·</strong></span> <span class='ocrx_word' id='word_1_11' title='bbox 860 501 1054 583; x_wconf 75' lang='lat' dir='ltr'><strong>laborantium</strong></span> <span class='ocrx_word' id='word_1_12' title='bbox 1082 499 1234 570; x_wconf 82' lang='lat' dir='ltr'><strong>auxilium,</strong></span> <span class='ocrx_word' id='word_1_13' title='bbox 1257 505 1285 560; x_wconf 92' lang='lat' dir='ltr'><strong>et</strong></span> <span class='ocrx_word' id='word_1_14' title='bbox 1304 501 1417 560; x_wconf 83' lang='lat' dir='ltr'><strong>lessorun</strong></span> 
     </span>
     <span class='ocr_line' id='line_1_3' title="bbox 225 571 1417 654; baseline -0.012 -10"><span class='ocrx_word' id='word_1_15' title='bbox 225 585 382 654; x_wconf 79' lang='lat' dir='ltr'><strong>cerdotum,</strong></span> <span class='ocrx_word' id='word_1_16' title='bbox 398 597 466 640; x_wconf 87' lang='lat' dir='ltr'><strong>ernx</strong></span> <span class='ocrx_word' id='word_1_17' title='bbox 482 577 613 636; x_wconf 78' lang='lat' dir='ltr'><strong>Ecclesioe</strong></span> <span class='ocrx_word' id='word_1_18' title='bbox 637 574 806 633; x_wconf 88' lang='lat' dir='ltr'><strong>lundemen·</strong></span> <span class='ocrx_word' id='word_1_19' title='bbox 860 571 1052 644; x_wconf 78' lang='lat' dir='ltr'><strong>refrigerium,</strong></span> <span class='ocrx_word' id='word_1_20' title='bbox 1067 577 1099 632; x_wconf 92' lang='lat' dir='ltr'><strong>tu</strong></span> <span class='ocrx_word' id='word_1_21' title='bbox 1114 574 1285 654; x_wconf 80' lang='lat' dir='ltr'><strong>insanorum</strong></span> <span class='ocrx_word' id='word_1_22' title='bbox 1300 571 1417 632; x_wconf 82' lang='lat' dir='ltr'><strong>ineolumi·</strong></span> 
     </span>
     <span class='ocr_line' id='line_1_4' title="bbox 224 643 1420 726; baseline -0.01 -12"><span class='ocrx_word' id='word_1_23' title='bbox 224 665 296 726; x_wconf 89' lang='lat' dir='ltr'><strong>tum,</strong></span> <span class='ocrx_word' id='word_1_24' title='bbox 319 671 385 712; x_wconf 85' lang='lat' dir='ltr'><strong>ernx</strong></span> <span class='ocrx_word' id='word_1_25' title='bbox 404 651 482 712; x_wconf 88' lang='lat' dir='ltr'><strong>orbis</strong></span> <span class='ocrx_word' id='word_1_26' title='bbox 506 655 590 708; x_wconf 78' lang='lat' dir='ltr'><strong>terres</strong></span> <span class='ocrx_word' id='word_1_27' title='bbox 617 647 718 718; x_wconf 89' lang='lat' dir='ltr'><strong>tutele,</strong></span> <span class='ocrx_word' id='word_1_28' title='bbox 739 663 807 705; x_wconf 89' lang='lat' dir='ltr'><strong>crux</strong></span> <span class='ocrx_word' id='word_1_29' title='bbox 861 649 915 712; x_wconf 80' lang='lat' dir='ltr'><strong>tes,</strong></span> <span class='ocrx_word' id='word_1_30' title='bbox 932 643 1094 715; x_wconf 75' lang='lat' dir='ltr'><strong>quietorum</strong></span> <span class='ocrx_word' id='word_1_31' title='bbox 1110 649 1266 714; x_wconf 74' lang='lat' dir='ltr'><strong>serenitas,</strong></span> <span class='ocrx_word' id='word_1_32' title='bbox 1280 651 1306 702; x_wconf 92' lang='lat' dir='ltr'><strong>et</strong></span> <span class='ocrx_word' id='word_1_33' title='bbox 1319 643 1420 702; x_wconf 85' lang='lat' dir='ltr'><strong>tortune-</strong></span> 
     </span>
     <span class='ocr_line' id='line_1_5' title="bbox 222 715 1421 804; baseline -0.013 -16"><span class='ocrx_word' id='word_1_34' title='bbox 222 727 395 804; x_wconf 85' lang='lat' dir='ltr'><strong>tsmplorum</strong></span> <span class='ocrx_word' id='word_1_35' title='bbox 407 721 573 790; x_wconf 77' lang='lat' dir='ltr'>destructio,</span> <span class='ocrx_word' id='word_1_36' title='bbox 585 736 653 778; x_wconf 82' lang='lat' dir='ltr'><strong>crux</strong></span> <span class='ocrx_word' id='word_1_37' title='bbox 665 717 808 776; x_wconf 87' lang='lat' dir='ltr'><strong>idolorum</strong></span> <span class='ocrx_word' id='word_1_38' title='bbox 861 721 954 774; x_wconf 88' lang='lat' dir='ltr'><strong>torum</strong></span> <span class='ocrx_word' id='word_1_39' title='bbox 969 715 1099 776; x_wconf 81' lang='lat' dir='ltr'><strong>lelicites.</strong></span> <span class='ocrx_word' id='word_1_40' title='bbox 1117 719 1157 774; x_wconf 87' lang='lat' dir='ltr'><strong>Tu</strong></span> <span class='ocrx_word' id='word_1_41' title='bbox 1174 733 1247 774; x_wconf 86' lang='lat' dir='ltr'><strong>eure</strong></span> <span class='ocrx_word' id='word_1_42' title='bbox 1259 721 1368 788; x_wconf 75' lang='lat' dir='ltr'><strong>egrotos</strong></span> <span class='ocrx_word' id='word_1_43' title='bbox 1380 733 1421 772; x_wconf 87' lang='lat' dir='ltr'><strong>iiie·</strong></span> 
     </span>
     <span class='ocr_line' id='line_1_6' title="bbox 222 787 1421 873; baseline -0.012 -15"><span class='ocrx_word' id='word_1_44' title='bbox 222 798 356 873; x_wconf 77' lang='lat' dir='ltr'><strong>repulsio,</strong></span> <span class='ocrx_word' id='word_1_45' title='bbox 372 813 440 854; x_wconf 88' lang='lat' dir='ltr'><strong>crux</strong></span> <span class='ocrx_word' id='word_1_46' title='bbox 453 793 619 852; x_wconf 80' lang='lat' dir='ltr'><strong>scandulum</strong></span> <span class='ocrx_word' id='word_1_47' title='bbox 630 790 806 860; x_wconf 77' lang='lat' dir='ltr'><strong>iudeorum,</strong></span> <span class='ocrx_word' id='word_1_48' title='bbox 861 787 1009 856; x_wconf 88' lang='lat' dir='ltr'><strong>dieens,tu</strong></span> <span class='ocrx_word' id='word_1_49' title='bbox 1019 787 1154 860; x_wconf 78' lang='lat' dir='ltr'><strong>gaudium</strong></span> <span class='ocrx_word' id='word_1_50' title='bbox 1161 793 1281 846; x_wconf 83' lang='lat' dir='ltr'><strong>nioestos</strong></span> <span class='ocrx_word' id='word_1_51' title='bbox 1288 787 1421 854; x_wconf 82' lang='lat' dir='ltr'><strong>consulens,</strong></span> 
     </span>
     <span class='ocr_line' id='line_1_7' title="bbox 222 858 1422 942; baseline -0.012 -12"><span class='ocrx_word' id='word_1_52' title='bbox 222 887 290 930; x_wconf 84' lang='lat' dir='ltr'><strong>crux</strong></span> <span class='ocrx_word' id='word_1_53' title='bbox 306 867 427 941; x_wconf 78' lang='lat' dir='ltr'><strong>perditio</strong></span> <span class='ocrx_word' id='word_1_54' title='bbox 442 865 607 939; x_wconf 88' lang='lat' dir='ltr'><strong>impiorum,</strong></span> <span class='ocrx_word' id='word_1_55' title='bbox 619 877 687 920; x_wconf 83' lang='lat' dir='ltr'><strong>crux</strong></span> <span class='ocrx_word' id='word_1_56' title='bbox 698 861 807 920; x_wconf 88' lang='lat' dir='ltr'><strong>inreli-</strong></span> <span class='ocrx_word' id='word_1_57' title='bbox 860 865 892 918; x_wconf 92' lang='lat' dir='ltr'><strong>tu</strong></span> <span class='ocrx_word' id='word_1_58' title='bbox 904 858 1011 918; x_wconf 81' lang='lat' dir='ltr'><strong>seniles</strong></span> <span class='ocrx_word' id='word_1_59' title='bbox 1024 859 1155 942; x_wconf 83' lang='lat' dir='ltr'><strong>dolentes</strong></span> <span class='ocrx_word' id='word_1_60' title='bbox 1169 859 1331 928; x_wconf 78' lang='lat' dir='ltr'><strong>laetificans,</strong></span> <span class='ocrx_word' id='word_1_61' title='bbox 1343 865 1370 915; x_wconf 91' lang='lat' dir='ltr'><strong>tu</strong></span> <span class='ocrx_word' id='word_1_62' title='bbox 1382 865 1422 916; x_wconf 81' lang='lat' dir='ltr'><strong>su·</strong></span> 
     </span>
     <span class='ocr_line' id='line_1_8' title="bbox 223 929 1424 1013; baseline -0.011 -14"><span class='ocrx_word' id='word_1_63' title='bbox 223 933 710 1009; x_wconf 66' lang='lat' dir='ltr'><strong>dorumrlrtusmruxaegrotentinm</strong></span> <span class='ocrx_word' id='word_1_64' title='bbox 720 933 807 992; x_wconf 91' lang='lat' dir='ltr'><strong>medi·</strong></span> <span class='ocrx_word' id='word_1_65' title='bbox 861 937 908 992; x_wconf 91' lang='lat' dir='ltr'><strong>tus</strong></span> <span class='ocrx_word' id='word_1_66' title='bbox 918 931 1098 1013; x_wconf 80' lang='lat' dir='ltr'><strong>credentium</strong></span> <span class='ocrx_word' id='word_1_67' title='bbox 1110 936 1203 1000; x_wconf 85' lang='lat' dir='ltr'><strong>reete,</strong></span> <span class='ocrx_word' id='word_1_68' title='bbox 1218 929 1424 1002; x_wconf 82' lang='lat' dir='ltr'><strong>tutirmitesope</strong></span> 
     </span>
     <span class='ocr_line' id='line_1_9' title="bbox 222 1002 1423 1084; baseline -0.009 -13"><span class='ocrx_word' id='word_1_69' title='bbox 222 1029 282 1084; x_wconf 89' lang='lat' dir='ltr'><strong>ens,</strong></span> <span class='ocrx_word' id='word_1_70' title='bbox 295 1027 363 1070; x_wconf 83' lang='lat' dir='ltr'><strong>crux</strong></span> <span class='ocrx_word' id='word_1_71' title='bbox 375 1010 522 1070; x_wconf 77' lang='lat' dir='ltr'><strong>mundatio</strong></span> <span class='ocrx_word' id='word_1_72' title='bbox 537 1007 726 1082; x_wconf 80' lang='lat' dir='ltr'><strong>leprosorum,</strong></span> <span class='ocrx_word' id='word_1_73' title='bbox 742 1021 808 1064; x_wconf 84' lang='lat' dir='ltr'><strong>crux</strong></span> <span class='ocrx_word' id='word_1_74' title='bbox 860 1009 985 1062; x_wconf 90' lang='lat' dir='ltr'><strong>rentium</strong></span> <span class='ocrx_word' id='word_1_75' title='bbox 1005 1004 1089 1070; x_wconf 90' lang='lat' dir='ltr'><strong>bene,</strong></span> <span class='ocrx_word' id='word_1_76' title='bbox 1106 1009 1136 1062; x_wconf 92' lang='lat' dir='ltr'><strong>tu</strong></span> <span class='ocrx_word' id='word_1_77' title='bbox 1158 1002 1311 1062; x_wconf 74' lang='lat' dir='ltr'><strong>beatitudo</strong></span> <span class='ocrx_word' id='word_1_78' title='bbox 1323 1017 1423 1074; x_wconf 82' lang='lat' dir='ltr'><strong>persore-</strong></span> 
     </span>
     <span class='ocr_line' id='line_1_10' title="bbox 221 1073 1423 1160; baseline -0.012 -16"><span class='ocrx_word' id='word_1_79' title='bbox 221 1085 444 1160; x_wconf 81' lang='lat' dir='ltr'><strong>perelyticornm</strong></span> <span class='ocrx_word' id='word_1_80' title='bbox 456 1080 581 1154; x_wconf 82' lang='lat' dir='ltr'><strong>requies,</strong></span> <span class='ocrx_word' id='word_1_81' title='bbox 596 1095 663 1136; x_wconf 89' lang='lat' dir='ltr'><strong>erux</strong></span> <span class='ocrx_word' id='word_1_82' title='bbox 677 1077 807 1136; x_wconf 88' lang='lat' dir='ltr'><strong>esurien·</strong></span> <span class='ocrx_word' id='word_1_83' title='bbox 860 1073 1059 1134; x_wconf 88' lang='lat' dir='ltr'><strong>rentinmrite.</strong></span> <span class='ocrx_word' id='word_1_84' title='bbox 1072 1077 1187 1142; x_wconf 82' lang='lat' dir='ltr'><strong>Sancte,</strong></span> <span class='ocrx_word' id='word_1_85' title='bbox 1198 1075 1258 1149; x_wconf 75' lang='lat' dir='ltr'><strong>pii,</strong></span> <span class='ocrx_word' id='word_1_86' title='bbox 1272 1075 1423 1146; x_wconf 70' lang='lat' dir='ltr'><strong>boneium,</strong></span> 
     </span>
     <span class='ocr_line' id='line_1_11' title="bbox 221 1145 1423 1276; baseline -0.015 -62"><span class='ocrx_word' id='word_1_87' title='bbox 221 1155 291 1216; x_wconf 89' lang='lat' dir='ltr'><strong>tium</strong></span> <span class='ocrx_word' id='word_1_88' title='bbox 320 1153 392 1224; x_wconf 85' lang='lat' dir='ltr'><strong>enls,</strong></span> <span class='ocrx_word' id='word_1_89' title='bbox 407 1170 474 1212; x_wconf 81' lang='lat' dir='ltr'><strong>crux</strong></span> <span class='ocrx_word' id='word_1_90' title='bbox 484 1151 640 1210; x_wconf 83' lang='lat' dir='ltr'><strong>sitientium</strong></span> <span class='ocrx_word' id='word_1_91' title='bbox 653 1149 727 1218; x_wconf 88' lang='lat' dir='ltr'><strong>lons,</strong></span> <span class='ocrx_word' id='word_1_92' title='bbox 738 1164 807 1208; x_wconf 86' lang='lat' dir='ltr'><strong>erux</strong></span> <span class='ocrx_word' id='word_1_93' title='bbox 860 1147 997 1276; x_wconf 45' lang='lat' dir='ltr'><strong>beniffine,</strong></span> <span class='ocrx_word' id='word_1_94' title='bbox 1018 1146 1218 1230; x_wconf 73' lang='lat' dir='ltr'><strong>rationabilis,</strong></span> <span class='ocrx_word' id='word_1_95' title='bbox 1228 1145 1380 1228; x_wconf 70' lang='lat' dir='ltr'><strong>leudeliilis,</strong></span> <span class='ocrx_word' id='word_1_96' title='bbox 1392 1161 1423 1226; x_wconf 70' lang='grc' dir='ltr'><strong>ιι-</strong></span> 
     </span>
     <span class='ocr_line' id='line_1_12' title="bbox 221 1173 1422 1300; baseline -0.008 -16"><span class='ocrx_word' id='word_1_97' title='bbox 221 1173 394 1286; x_wconf 53' lang='lat' dir='ltr'><strong>munisti-uio</strong></span> <span class='ocrx_word' id='word_1_98' title='bbox 408 1222 548 1298; x_wconf 76' lang='lat' dir='ltr'><strong>protectio</strong></span> <span class='ocrx_word' id='word_1_99' title='bbox 564 1240 571 1280; x_wconf 83' lang='grc' dir='ltr'><strong>ι</strong></span> <span class='ocrx_word' id='word_1_100' title='bbox 588 1223 677 1280; x_wconf 81' lang='lat' dir='ltr'><strong>»hee</strong></span> <span class='ocrx_word' id='word_1_101' title='bbox 694 1222 807 1292; x_wconf 78' lang='lat' dir='ltr'><strong>Glirpro</strong></span> <span class='ocrx_word' id='word_1_102' title='bbox 860 1234 931 1278; x_wconf 91' lang='lat' dir='ltr'><strong>nere</strong></span> <span class='ocrx_word' id='word_1_103' title='bbox 952 1218 1008 1300; x_wconf 73' lang='lat' dir='ltr'><strong>ilis,</strong></span> <span class='ocrx_word' id='word_1_104' title='bbox 1026 1217 1117 1288; x_wconf 82' lang='lat' dir='ltr'><strong>tortis,</strong></span> <span class='ocrx_word' id='word_1_105' title='bbox 1136 1234 1248 1286; x_wconf 81' lang='lat' dir='ltr'><strong>suevis,</strong></span> <span class='ocrx_word' id='word_1_106' title='bbox 1270 1223 1352 1299; x_wconf 74' lang='lat' dir='ltr'><strong>mitis,</strong></span> <span class='ocrx_word' id='word_1_107' title='bbox 1368 1233 1422 1290; x_wconf 87' lang='lat' dir='ltr'><strong>sepi·</strong></span> 
     </span>
     <span class='ocr_line' id='line_1_13' title="bbox 219 1290 1423 1366; baseline -0.01 -10"><span class='ocrx_word' id='word_1_108' title='bbox 219 1303 333 1357; x_wconf 83' lang='lat' dir='ltr'><strong>stemus.</strong></span> <span class='ocrx_word' id='word_1_109' title='bbox 348 1297 428 1356; x_wconf 86' lang='lat' dir='ltr'><strong>Unde</strong></span> <span class='ocrx_word' id='word_1_110' title='bbox 440 1303 469 1354; x_wconf 89' lang='lat' dir='ltr'><strong>et</strong></span> <span class='ocrx_word' id='word_1_111' title='bbox 482 1296 613 1356; x_wconf 78' lang='lat' dir='ltr'><strong>itatenus</strong></span> <span class='ocrx_word' id='word_1_112' title='bbox 626 1313 635 1352; x_wconf 85' lang='grc' dir='ltr'><strong>ι</strong></span> <span class='ocrx_word' id='word_1_113' title='bbox 652 1315 667 1348; x_wconf 82' lang='lat' dir='ltr'><strong>e</strong></span> <span class='ocrx_word' id='word_1_114' title='bbox 681 1293 807 1366; x_wconf 79' lang='lat' dir='ltr'><strong>Quantos</strong></span> <span class='ocrx_word' id='word_1_115' title='bbox 860 1306 920 1359; x_wconf 89' lang='lat' dir='ltr'><strong>ens,</strong></span> <span class='ocrx_word' id='word_1_116' title='bbox 928 1294 1041 1362; x_wconf 89' lang='lat' dir='ltr'><strong>petiens</strong></span> <span class='ocrx_word' id='word_1_117' title='bbox 1051 1306 1083 1348; x_wconf 88' lang='lat' dir='ltr'><strong>eo</strong></span> <span class='ocrx_word' id='word_1_118' title='bbox 1094 1291 1216 1363; x_wconf 86' lang='lat' dir='ltr'><strong>potensi</strong></span> <span class='ocrx_word' id='word_1_119' title='bbox 1230 1290 1366 1362; x_wconf 83' lang='lat' dir='ltr'><strong>Quidquid</strong></span> <span class='ocrx_word' id='word_1_120' title='bbox 1373 1305 1423 1360; x_wconf 77' lang='lat' dir='ltr'><strong>ergo</strong></span> 
     </span>
     <span class='ocr_line' id='line_1_14' title="bbox 219 1361 1423 1444; baseline -0.008 -16"><span class='ocrx_word' id='word_1_121' title='bbox 219 1375 248 1428; x_wconf 89' lang='lat' dir='ltr'><strong>et</strong></span> <span class='ocrx_word' id='word_1_122' title='bbox 262 1370 360 1444; x_wconf 84' lang='lat' dir='ltr'><strong>quales</strong></span> <span class='ocrx_word' id='word_1_123' title='bbox 376 1370 484 1426; x_wconf 78' lang='lat' dir='ltr'><strong>fruetus</strong></span> <span class='ocrx_word' id='word_1_124' title='bbox 497 1367 606 1440; x_wconf 80' lang='lat' dir='ltr'><strong>lignum</strong></span> <span class='ocrx_word' id='word_1_125' title='bbox 620 1371 726 1424; x_wconf 81' lang='lat' dir='ltr'><strong>senem</strong></span> <span class='ocrx_word' id='word_1_126' title='bbox 745 1380 807 1424; x_wconf 88' lang='lat' dir='ltr'><strong>eru·</strong></span> <span class='ocrx_word' id='word_1_127' title='bbox 859 1361 947 1420; x_wconf 91' lang='lat' dir='ltr'><strong>corde</strong></span> <span class='ocrx_word' id='word_1_128' title='bbox 961 1361 1048 1434; x_wconf 85' lang='lat' dir='ltr'><strong>digne</strong></span> <span class='ocrx_word' id='word_1_129' title='bbox 1066 1361 1101 1422; x_wconf 90' lang='lat' dir='ltr'><strong>de</strong></span> <span class='ocrx_word' id='word_1_130' title='bbox 1128 1361 1329 1434; x_wconf 80' lang='lat' dir='ltr'><strong>redemptione</strong></span> <span class='ocrx_word' id='word_1_131' title='bbox 1346 1365 1423 1444; x_wconf 75' lang='lat' dir='ltr'><strong>¹iiostu</strong></span> 
     </span>
     <span class='ocr_line' id='line_1_15' title="bbox 220 1431 1425 1516; baseline -0.011 -16"><span class='ocrx_word' id='word_1_132' title='bbox 220 1441 261 1503; x_wconf 87' lang='lat' dir='ltr'><strong>uis</strong></span> <span class='ocrx_word' id='word_1_133' title='bbox 275 1440 406 1516; x_wconf 76' lang='lat' dir='ltr'><strong>germine</strong></span> <span class='ocrx_word' id='word_1_134' title='bbox 419 1457 471 1498; x_wconf 90' lang='lat' dir='ltr'><strong>suo</strong></span> <span class='ocrx_word' id='word_1_135' title='bbox 483 1439 620 1516; x_wconf 84' lang='lat' dir='ltr'><strong>proteret,</strong></span> <span class='ocrx_word' id='word_1_136' title='bbox 633 1437 751 1508; x_wconf 79' lang='lat' dir='ltr'><strong>dignum</strong></span> <span class='ocrx_word' id='word_1_137' title='bbox 764 1443 806 1495; x_wconf 86' lang='lat' dir='ltr'><strong>eet</strong></span> <span class='ocrx_word' id='word_1_138' title='bbox 860 1438 955 1506; x_wconf 91' lang='lat' dir='ltr'><strong>potest</strong></span> <span class='ocrx_word' id='word_1_139' title='bbox 971 1431 1101 1506; x_wconf 77' lang='lat' dir='ltr'><strong>eogitari,</strong></span> <span class='ocrx_word' id='word_1_140' title='bbox 1117 1434 1162 1492; x_wconf 87' lang='lat' dir='ltr'><strong>rel</strong></span> <span class='ocrx_word' id='word_1_141' title='bbox 1177 1433 1321 1508; x_wconf 88' lang='lat' dir='ltr'><strong>quidquid</strong></span> <span class='ocrx_word' id='word_1_142' title='bbox 1330 1441 1377 1492; x_wconf 87' lang='lat' dir='ltr'><strong>rite</strong></span> <span class='ocrx_word' id='word_1_143' title='bbox 1388 1431 1425 1488; x_wconf 92' lang='lat' dir='ltr'><strong>ln·</strong></span> 
     </span>
     <span class='ocr_line' id='line_1_16' title="bbox 220 1504 1424 1588; baseline -0.01 -16"><span class='ocrx_word' id='word_1_144' title='bbox 220 1528 459 1582; x_wconf 65' lang='lat' dir='ltr'><strong>commemorem</strong></span> <span class='ocrx_word' id='word_1_145' title='bbox 470 1512 550 1584; x_wconf 86' lang='lat' dir='ltr'><strong>eujus</strong></span> <span class='ocrx_word' id='word_1_146' title='bbox 563 1510 672 1568; x_wconf 81' lang='lat' dir='ltr'><strong>fruetus</strong></span> <span class='ocrx_word' id='word_1_147' title='bbox 682 1515 806 1566; x_wconf 80' lang='lat' dir='ltr'><strong>eternus</strong></span> <span class='ocrx_word' id='word_1_148' title='bbox 859 1521 916 1577; x_wconf 76' lang='lat' dir='ltr'><strong>gite</strong></span> <span class='ocrx_word' id='word_1_149' title='bbox 925 1504 1012 1588; x_wconf 85' lang='lat' dir='ltr'><strong>loqui,</strong></span> <span class='ocrx_word' id='word_1_150' title='bbox 1026 1505 1124 1566; x_wconf 90' lang='lat' dir='ltr'><strong>omnie</strong></span> <span class='ocrx_word' id='word_1_151' title='bbox 1133 1507 1170 1566; x_wconf 90' lang='lat' dir='ltr'><strong>ed</strong></span> <span class='ocrx_word' id='word_1_152' title='bbox 1178 1505 1299 1566; x_wconf 90' lang='lat' dir='ltr'><strong>leudem</strong></span> <span class='ocrx_word' id='word_1_153' title='bbox 1311 1511 1381 1587; x_wconf 83' lang='lat' dir='ltr'><strong>tuen</strong></span> <span class='ocrx_word' id='word_1_154' title='bbox 1393 1505 1424 1584; x_wconf 75' lang='lat' dir='ltr'><strong>de</strong></span> 
     </span>
     <span class='ocr_line' id='line_1_17' title="bbox 219 1576 1425 1659; baseline -0.012 -15"><span class='ocrx_word' id='word_1_155' title='bbox 219 1593 273 1656; x_wconf 90' lang='lat' dir='ltr'><strong>est,</strong></span> <span class='ocrx_word' id='word_1_156' title='bbox 295 1593 324 1644; x_wconf 91' lang='lat' dir='ltr'><strong>et</strong></span> <span class='ocrx_word' id='word_1_157' title='bbox 348 1584 428 1644; x_wconf 86' lang='lat' dir='ltr'><strong>redix</strong></span> <span class='ocrx_word' id='word_1_158' title='bbox 447 1587 604 1659; x_wconf 70' lang='lat' dir='ltr'><strong>perpetuer</strong></span> <span class='ocrx_word' id='word_1_159' title='bbox 628 1581 708 1652; x_wconf 85' lang='lat' dir='ltr'><strong>eujus</strong></span> <span class='ocrx_word' id='word_1_160' title='bbox 735 1578 807 1636; x_wconf 89' lang='lat' dir='ltr'><strong>odor</strong></span> <span class='ocrx_word' id='word_1_161' title='bbox 860 1582 1151 1659; x_wconf 79' lang='lat' dir='ltr'><strong>centissimepossunt</strong></span> <span class='ocrx_word' id='word_1_162' title='bbox 1165 1578 1284 1650; x_wconf 81' lang='lat' dir='ltr'><strong>opteri:</strong></span> <span class='ocrx_word' id='word_1_163' title='bbox 1336 1576 1425 1646; x_wconf 81' lang='lat' dir='ltr'><strong>inquid</strong></span> 
     </span>
     <span class='ocr_line' id='line_1_18' title="bbox 219 1648 1425 1728; baseline -0.011 -13"><span class='ocrx_word' id='word_1_164' title='bbox 219 1657 355 1716; x_wconf 90' lang='lat' dir='ltr'><strong>mundum</strong></span> <span class='ocrx_word' id='word_1_165' title='bbox 373 1657 518 1728; x_wconf 85' lang='lat' dir='ltr'><strong>replet,et</strong></span> <span class='ocrx_word' id='word_1_166' title='bbox 534 1669 619 1725; x_wconf 85' lang='lat' dir='ltr'><strong>sopor</strong></span> <span class='ocrx_word' id='word_1_167' title='bbox 637 1651 737 1708; x_wconf 82' lang='lat' dir='ltr'><strong>fideles</strong></span> <span class='ocrx_word' id='word_1_168' title='bbox 754 1665 805 1709; x_wconf 81' lang='lat' dir='ltr'><strong>se-</strong></span> <span class='ocrx_word' id='word_1_169' title='bbox 860 1648 975 1720; x_wconf 92' lang='lat' dir='ltr'><strong>qnidiu</strong></span> <span class='ocrx_word' id='word_1_170' title='bbox 996 1654 1023 1708; x_wconf 92' lang='lat' dir='ltr'><strong>te</strong></span> <span class='ocrx_word' id='word_1_171' title='bbox 1040 1649 1186 1722; x_wconf 89' lang='lat' dir='ltr'><strong>leudetur,</strong></span> <span class='ocrx_word' id='word_1_172' title='bbox 1213 1649 1293 1708; x_wconf 87' lang='lat' dir='ltr'><strong>cruri</strong></span> <span class='ocrx_word' id='word_1_173' title='bbox 1331 1649 1425 1726; x_wconf 71' lang='lat' dir='ltr'><strong>oluit</strong></span> 
     </span>
     <span class='ocr_line' id='line_1_19' title="bbox 220 1717 1426 1803; baseline -0.01 -19"><span class='ocrx_word' id='word_1_174' title='bbox 220 1727 271 1786; x_wconf 83' lang='lat' dir='ltr'><strong>tint</strong></span> <span class='ocrx_word' id='word_1_175' title='bbox 281 1745 288 1762; x_wconf 91' lang='lat'><strong>·</strong></span> <span class='ocrx_word' id='word_1_176' title='bbox 299 1729 381 1802; x_wconf 84' lang='lat' dir='ltr'><strong>eujus</strong></span> <span class='ocrx_word' id='word_1_177' title='bbox 393 1725 483 1784; x_wconf 89' lang='lat' dir='ltr'><strong>solem</strong></span> <span class='ocrx_word' id='word_1_178' title='bbox 496 1723 632 1798; x_wconf 80' lang='lat' dir='ltr'><strong>splendor</strong></span> <span class='ocrx_word' id='word_1_179' title='bbox 643 1725 769 1794; x_wconf 90' lang='lat' dir='ltr'><strong>superet,</strong></span> <span class='ocrx_word' id='word_1_180' title='bbox 777 1726 806 1780; x_wconf 91' lang='lat' dir='ltr'><strong>ot</strong></span> <span class='ocrx_word' id='word_1_181' title='bbox 861 1719 974 1803; x_wconf 81' lang='lat' dir='ltr'><strong>Christo</strong></span> <span class='ocrx_word' id='word_1_182' title='bbox 988 1720 1058 1792; x_wconf 79' lang='lat' dir='ltr'><strong>Regi</strong></span> <span class='ocrx_word' id='word_1_183' title='bbox 1073 1721 1250 1794; x_wconf 87' lang='lat' dir='ltr'><strong>deputetur;</strong></span> <span class='ocrx_word' id='word_1_184' title='bbox 1273 1729 1303 1780; x_wconf 90' lang='lat' dir='ltr'><strong>et</strong></span> <span class='ocrx_word' id='word_1_185' title='bbox 1315 1720 1392 1802; x_wconf 85' lang='lat' dir='ltr'><strong>quidq</strong></span> <span class='ocrx_word' id='word_1_186' title='bbox 1415 1717 1426 1772; x_wconf 90' lang='lat' dir='ltr'><strong>l</strong></span> 
     </span>
     <span class='ocr_line' id='line_1_20' title="bbox 219 1769 1424 1866; baseline -0.007 -10"><span class='ocrx_word' id='word_1_187' title='bbox 219 1769 327 1856; x_wconf 75' lang='lat' dir='ltr'><strong>render</strong></span> <span class='ocrx_word' id='word_1_188' title='bbox 344 1800 438 1854; x_wconf 84' lang='lat' dir='ltr'><strong>niuem</strong></span> <span class='ocrx_word' id='word_1_189' title='bbox 455 1796 601 1862; x_wconf 77' lang='lat' dir='ltr'><strong>obluseet3</strong></span> <span class='ocrx_word' id='word_1_190' title='bbox 622 1793 704 1866; x_wconf 83' lang='lat' dir='ltr'><strong>nujus</strong></span> <span class='ocrx_word' id='word_1_191' title='bbox 723 1809 805 1852; x_wconf 82' lang='lat' dir='ltr'><strong>recu·</strong></span> <span class='ocrx_word' id='word_1_192' title='bbox 861 1792 972 1850; x_wconf 85' lang='lat' dir='ltr'><strong>Christo</strong></span> <span class='ocrx_word' id='word_1_193' title='bbox 983 1793 1101 1850; x_wconf 89' lang='lat' dir='ltr'><strong>honoris</strong></span> <span class='ocrx_word' id='word_1_194' title='bbox 1111 1793 1206 1862; x_wconf 85' lang='lat' dir='ltr'><strong>detur,</strong></span> <span class='ocrx_word' id='word_1_195' title='bbox 1214 1793 1254 1852; x_wconf 91' lang='lat' dir='ltr'><strong>ed</strong></span> <span class='ocrx_word' id='word_1_196' title='bbox 1263 1797 1424 1852; x_wconf 83' lang='lat' dir='ltr'><strong>reverentun</strong></span> 
     </span>
     <span class='ocr_line' id='line_1_21' title="bbox 218 1862 1424 1942; baseline -0.007 -16"><span class='ocrx_word' id='word_1_197' title='bbox 218 1885 283 1927; x_wconf 92' lang='lat' dir='ltr'><strong>men</strong></span> <span class='ocrx_word' id='word_1_198' title='bbox 295 1867 392 1942; x_wconf 90' lang='lat' dir='ltr'><strong>polum</strong></span> <span class='ocrx_word' id='word_1_199' title='bbox 404 1867 524 1936; x_wconf 80' lang='lat' dir='ltr'><strong>excedit,</strong></span> <span class='ocrx_word' id='word_1_200' title='bbox 535 1870 565 1924; x_wconf 84' lang='lat' dir='ltr'><strong>et</strong></span> <span class='ocrx_word' id='word_1_201' title='bbox 578 1867 660 1936; x_wconf 83' lang='lat' dir='ltr'><strong>cnjns</strong></span> <span class='ocrx_word' id='word_1_202' title='bbox 673 1864 804 1924; x_wconf 84' lang='lat' dir='ltr'><strong>intimum</strong></span> <span class='ocrx_word' id='word_1_203' title='bbox 860 1862 964 1922; x_wconf 87' lang='lat' dir='ltr'><strong>summi</strong></span> <span class='ocrx_word' id='word_1_204' title='bbox 982 1865 1085 1932; x_wconf 83' lang='lat' dir='ltr'><strong>Petris,</strong></span> <span class='ocrx_word' id='word_1_205' title='bbox 1102 1867 1184 1936; x_wconf 78' lang='lat' dir='ltr'><strong>cujus</strong></span> <span class='ocrx_word' id='word_1_206' title='bbox 1208 1865 1271 1938; x_wconf 83' lang='lat' dir='ltr'><strong>ipse</strong></span> <span class='ocrx_word' id='word_1_207' title='bbox 1290 1862 1424 1935; x_wconf 74' lang='lat' dir='ltr'><strong>unigentio</strong></span> 
     </span>
     <span class='ocr_line' id='line_1_22' title="bbox 218 1934 1423 2016; baseline -0.007 -18"><span class='ocrx_word' id='word_1_208' title='bbox 218 1935 805 2016; x_wconf 79' lang='lat' dir='ltr'><strong>internepenetretioujminfirmiteshn·</strong></span> <span class='ocrx_word' id='word_1_209' title='bbox 861 1934 948 1994; x_wconf 83' lang='lat' dir='ltr'><strong>Filius</strong></span> <span class='ocrx_word' id='word_1_210' title='bbox 976 1943 1030 2004; x_wconf 89' lang='lat' dir='ltr'><strong>est,</strong></span> <span class='ocrx_word' id='word_1_211' title='bbox 1055 1936 1225 1994; x_wconf 71' lang='lat' dir='ltr'><strong>retertur.»</strong></span> <span class='ocrx_word' id='word_1_212' title='bbox 1257 1939 1290 1994; x_wconf 86' lang='lat' dir='ltr'><strong>Et</strong></span> <span class='ocrx_word' id='word_1_213' title='bbox 1310 1935 1423 1994; x_wconf 88' lang='lat' dir='ltr'><strong>itemn:</strong></span> 
     </span>
     <span class='ocr_line' id='line_1_23' title="bbox 218 2006 1423 2094; baseline -0.008 -22"><span class='ocrx_word' id='word_1_214' title='bbox 218 2009 339 2072; x_wconf 88' lang='lat' dir='ltr'><strong>millime</strong></span> <span class='ocrx_word' id='word_1_215' title='bbox 355 2012 468 2080; x_wconf 70' lang='lat' dir='ltr'><strong>exeltet</strong></span> <span class='ocrx_word' id='word_1_216' title='bbox 481 2014 510 2068; x_wconf 90' lang='lat' dir='ltr'><strong>et</strong></span> <span class='ocrx_word' id='word_1_217' title='bbox 524 2011 604 2094; x_wconf 81' lang='lat' dir='ltr'><strong>eujus</strong></span> <span class='ocrx_word' id='word_1_218' title='bbox 613 2007 742 2083; x_wconf 86' lang='lat' dir='ltr'><strong>potentie</strong></span> <span class='ocrx_word' id='word_1_219' title='bbox 755 2025 805 2068; x_wconf 90' lang='lat' dir='ltr'><strong>ex·</strong></span> <span class='ocrx_word' id='word_1_220' title='bbox 862 2006 1010 2066; x_wconf 72' lang='lat' dir='ltr'><strong>«Grandis</strong></span> <span class='ocrx_word' id='word_1_221' title='bbox 1023 2007 1423 2086; x_wconf 70' lang='lat' dir='ltr'><strong>consoletiolideliumestspe</strong></span> 
     </span>
     <span class='ocr_line' id='line_1_24' title="bbox 218 2078 1423 2161; baseline -0.008 -17"><span class='ocrx_word' id='word_1_222' title='bbox 218 2087 306 2144; x_wconf 87' lang='lat' dir='ltr'><strong>ettxte</strong></span> <span class='ocrx_word' id='word_1_223' title='bbox 322 2083 464 2143; x_wconf 88' lang='lat' dir='ltr'><strong>humiliet.</strong></span> <span class='ocrx_word' id='word_1_224' title='bbox 481 2080 614 2142; x_wconf 84' lang='lat' dir='ltr'><strong>Omnium</strong></span> <span class='ocrx_word' id='word_1_225' title='bbox 627 2079 704 2140; x_wconf 92' lang='lat' dir='ltr'><strong>enim</strong></span> <span class='ocrx_word' id='word_1_226' title='bbox 716 2082 804 2140; x_wconf 75' lang='lat' dir='ltr'><strong>virtu·</strong></span> <span class='ocrx_word' id='word_1_227' title='bbox 859 2085 965 2161; x_wconf 68' lang='lat' dir='ltr'><strong>eenole</strong></span> <span class='ocrx_word' id='word_1_228' title='bbox 991 2079 1094 2149; x_wconf 85' lang='lat' dir='ltr'><strong>erucis,</strong></span> <span class='ocrx_word' id='word_1_229' title='bbox 1124 2086 1153 2136; x_wconf 87' lang='lat' dir='ltr'><strong>et</strong></span> <span class='ocrx_word' id='word_1_230' title='bbox 1180 2080 1332 2139; x_wconf 84' lang='lat' dir='ltr'><strong>materiem</strong></span> <span class='ocrx_word' id='word_1_231' title='bbox 1348 2078 1423 2157; x_wconf 75' lang='lat' dir='ltr'><strong>trilim</strong></span> 
     </span>
     <span class='ocr_line' id='line_1_25' title="bbox 174 2149 1421 2230; baseline -0.006 -20"><span class='ocrx_word' id='word_1_232' title='bbox 174 2192 183 2210; x_wconf 90' lang='lat'><strong>.</strong></span> <span class='ocrx_word' id='word_1_233' title='bbox 218 2161 281 2214; x_wconf 91' lang='lat' dir='ltr'><strong>tuin</strong></span> <span class='ocrx_word' id='word_1_234' title='bbox 291 2157 457 2230; x_wconf 77' lang='lat' dir='ltr'><strong>jucunditas</strong></span> <span class='ocrx_word' id='word_1_235' title='bbox 477 2171 527 2227; x_wconf 92' lang='lat' dir='ltr'><strong>per</strong></span> <span class='ocrx_word' id='word_1_236' title='bbox 540 2154 632 2228; x_wconf 88' lang='lat' dir='ltr'><strong>ipsum</strong></span> <span class='ocrx_word' id='word_1_237' title='bbox 648 2157 677 2210; x_wconf 91' lang='lat' dir='ltr'><strong>et</strong></span> <span class='ocrx_word' id='word_1_238' title='bbox 698 2151 804 2224; x_wconf 91' lang='lat' dir='ltr'><strong>inipso</strong></span> <span class='ocrx_word' id='word_1_239' title='bbox 861 2149 961 2218; x_wconf 84' lang='lat' dir='ltr'><strong>leudis,</strong></span> <span class='ocrx_word' id='word_1_240' title='bbox 978 2149 1046 2222; x_wconf 91' lang='lat' dir='ltr'><strong>quie</strong></span> <span class='ocrx_word' id='word_1_241' title='bbox 1061 2151 1219 2212; x_wconf 84' lang='lat' dir='ltr'><strong>boiiitetem</strong></span> <span class='ocrx_word' id='word_1_242' title='bbox 1230 2150 1358 2210; x_wconf 85' lang='lat' dir='ltr'><strong>nosieoit</strong></span> <span class='ocrx_word' id='word_1_243' title='bbox 1369 2161 1421 2206; x_wconf 84' lang='lat' dir='ltr'><strong>sciri</strong></span> 
     </span>
     <span class='ocr_line' id='line_1_26' title="bbox 221 2221 1419 2301; baseline -0.01 -13"><span class='ocrx_word' id='word_1_244' title='bbox 221 2229 329 2288; x_wconf 90' lang='lat' dir='ltr'><strong>mundo</strong></span> <span class='ocrx_word' id='word_1_245' title='bbox 343 2229 447 2288; x_wconf 86' lang='lat' dir='ltr'><strong>eollete</strong></span> <span class='ocrx_word' id='word_1_246' title='bbox 459 2233 513 2296; x_wconf 90' lang='lat' dir='ltr'><strong>est,</strong></span> <span class='ocrx_word' id='word_1_247' title='bbox 522 2223 698 2299; x_wconf 89' lang='lat' dir='ltr'><strong>quieinipso</strong></span> <span class='ocrx_word' id='word_1_248' title='bbox 710 2239 805 2282; x_wconf 84' lang='lat' dir='ltr'><strong>rerum</strong></span> <span class='ocrx_word' id='word_1_249' title='bbox 860 2221 1014 2282; x_wconf 87' lang='lat' dir='ltr'><strong>Creeteris.</strong></span> <span class='ocrx_word' id='word_1_250' title='bbox 1029 2223 1102 2282; x_wconf 86' lang='lat' dir='ltr'><strong>Crux</strong></span> <span class='ocrx_word' id='word_1_251' title='bbox 1120 2223 1227 2284; x_wconf 89' lang='lat' dir='ltr'><strong>Christi</strong></span> <span class='ocrx_word' id='word_1_252' title='bbox 1246 2223 1292 2282; x_wconf 80' lang='lat' dir='ltr'><strong>rie</strong></span> <span class='ocrx_word' id='word_1_253' title='bbox 1306 2231 1346 2281; x_wconf 90' lang='lat' dir='ltr'><strong>est</strong></span> <span class='ocrx_word' id='word_1_254' title='bbox 1354 2221 1419 2301; x_wconf 75' lang='lat' dir='ltr'><strong>into</strong></span> 
     </span>
     <span class='ocr_line' id='line_1_27' title="bbox 222 2293 1421 2374; baseline -0.009 -17"><span class='ocrx_word' id='word_1_255' title='bbox 222 2300 357 2372; x_wconf 84' lang='lat' dir='ltr'><strong>perlectio</strong></span> <span class='ocrx_word' id='word_1_256' title='bbox 371 2299 512 2374; x_wconf 85' lang='lat' dir='ltr'><strong>complete</strong></span> <span class='ocrx_word' id='word_1_257' title='bbox 524 2305 574 2354; x_wconf 86' lang='lat' dir='ltr'><strong>est.</strong></span> <span class='ocrx_word' id='word_1_258' title='bbox 591 2299 623 2356; x_wconf 95' lang='lat' dir='ltr'><strong>ln</strong></span> <span class='ocrx_word' id='word_1_259' title='bbox 640 2311 723 2356; x_wconf 80' lang='lat' dir='ltr'><strong>eruce</strong></span> <span class='ocrx_word' id='word_1_260' title='bbox 737 2293 805 2354; x_wconf 89' lang='lat' dir='ltr'><strong>inei·</strong></span> <span class='ocrx_word' id='word_1_261' title='bbox 859 2309 935 2364; x_wconf 89' lang='lat' dir='ltr'><strong>rum,</strong></span> <span class='ocrx_word' id='word_1_262' title='bbox 949 2310 1084 2354; x_wconf 75' lang='lat' dir='ltr'><strong>aseensus</strong></span> <span class='ocrx_word' id='word_1_263' title='bbox 1098 2295 1136 2354; x_wconf 83' lang='lat' dir='ltr'><strong>ed</strong></span> <span class='ocrx_word' id='word_1_264' title='bbox 1150 2297 1270 2362; x_wconf 87' lang='lat' dir='ltr'><strong>eoelum,</strong></span> <span class='ocrx_word' id='word_1_265' title='bbox 1283 2301 1343 2352; x_wconf 82' lang='lat' dir='ltr'><strong>rote</strong></span> <span class='ocrx_word' id='word_1_266' title='bbox 1355 2293 1383 2350; x_wconf 87' lang='lat' dir='ltr'><strong>do</strong></span> <span class='ocrx_word' id='word_1_267' title='bbox 1394 2305 1421 2346; x_wconf 82' lang='lat' dir='ltr'><strong>ie</strong></span> 
     </span>
     <span class='ocr_line' id='line_1_28' title="bbox 220 2363 1418 2448; baseline -0.004 -19"><span class='ocrx_word' id='word_1_268' title='bbox 220 2376 324 2430; x_wconf 89' lang='lat' dir='ltr'><strong>nuetur</strong></span> <span class='ocrx_word' id='word_1_269' title='bbox 340 2387 358 2429; x_wconf 87' lang='lat' dir='ltr'><strong>e</strong></span> <span class='ocrx_word' id='word_1_270' title='bbox 376 2377 468 2428; x_wconf 90' lang='lat' dir='ltr'><strong>morte</strong></span> <span class='ocrx_word' id='word_1_271' title='bbox 489 2369 658 2441; x_wconf 87' lang='lat' dir='ltr'><strong>redemptio,</strong></span> <span class='ocrx_word' id='word_1_272' title='bbox 686 2367 804 2428; x_wconf 90' lang='lat' dir='ltr'><strong>demon·</strong></span> <span class='ocrx_word' id='word_1_273' title='bbox 860 2365 934 2448; x_wconf 78' lang='lat' dir='ltr'><strong>timis</strong></span> <span class='ocrx_word' id='word_1_274' title='bbox 949 2367 985 2424; x_wconf 89' lang='lat' dir='ltr'><strong>ed</strong></span> <span class='ocrx_word' id='word_1_275' title='bbox 1010 2365 1160 2438; x_wconf 83' lang='lat' dir='ltr'><strong>superiore</strong></span> <span class='ocrx_word' id='word_1_276' title='bbox 1174 2384 1229 2426; x_wconf 89' lang='lat' dir='ltr'><strong>nos</strong></span> <span class='ocrx_word' id='word_1_277' title='bbox 1247 2367 1368 2434; x_wconf 86' lang='lat' dir='ltr'><strong>trehens,</strong></span> <span class='ocrx_word' id='word_1_278' title='bbox 1382 2363 1418 2418; x_wconf 82' lang='lat' dir='ltr'><strong>du</strong></span> 
     </span>
     <span class='ocr_line' id='line_1_29' title="bbox 219 2437 1418 2519; baseline -0.008 -19"><span class='ocrx_word' id='word_1_279' title='bbox 219 2446 327 2502; x_wconf 84' lang='lat' dir='ltr'><strong>stretur</strong></span> <span class='ocrx_word' id='word_1_280' title='bbox 352 2447 450 2500; x_wconf 86' lang='lat' dir='ltr'><strong>senete</strong></span> <span class='ocrx_word' id='word_1_281' title='bbox 478 2455 589 2498; x_wconf 90' lang='lat' dir='ltr'><strong>morum</strong></span> <span class='ocrx_word' id='word_1_282' title='bbox 614 2438 803 2510; x_wconf 80' lang='lat' dir='ltr'><strong>conversetis,</strong></span> <span class='ocrx_word' id='word_1_283' title='bbox 859 2437 978 2519; x_wconf 31' lang='lat' dir='ltr'><strong>emin-et</strong></span> <span class='ocrx_word' id='word_1_284' title='bbox 990 2439 1080 2510; x_wconf 84' lang='lat' dir='ltr'><strong>jenua</strong></span> <span class='ocrx_word' id='word_1_285' title='bbox 1096 2441 1187 2512; x_wconf 80' lang='lat' dir='ltr'><strong>regni.</strong></span> <span class='ocrx_word' id='word_1_286' title='bbox 1203 2441 1296 2514; x_wconf 81' lang='lat' dir='ltr'><strong>llnjus</strong></span> <span class='ocrx_word' id='word_1_287' title='bbox 1308 2449 1418 2512; x_wconf 81' lang='lat' dir='ltr'><strong>persere·</strong></span> 
     </span>
     <span class='ocr_line' id='line_1_30' title="bbox 219 2509 1419 2580; baseline -0.008 -11"><span class='ocrx_word' id='word_1_288' title='bbox 219 2511 368 2572; x_wconf 87' lang='lat' dir='ltr'><strong>intimetur</strong></span> <span class='ocrx_word' id='word_1_289' title='bbox 375 2511 502 2569; x_wconf 88' lang='lat' dir='ltr'><strong>omnium</strong></span> <span class='ocrx_word' id='word_1_290' title='bbox 510 2509 645 2567; x_wconf 73' lang='lat' dir='ltr'><strong>uirtutum</strong></span> <span class='ocrx_word' id='word_1_291' title='bbox 655 2509 803 2580; x_wconf 81' lang='lat' dir='ltr'><strong>perfectio,</strong></span> <span class='ocrx_word' id='word_1_292' title='bbox 859 2515 905 2566; x_wconf 87' lang='lat' dir='ltr'><strong>ete</strong></span> <span class='ocrx_word' id='word_1_293' title='bbox 923 2509 1061 2580; x_wconf 88' lang='lat' dir='ltr'><strong>divinum,</strong></span> <span class='ocrx_word' id='word_1_294' title='bbox 1077 2515 1105 2568; x_wconf 89' lang='lat' dir='ltr'><strong>et</strong></span> <span class='ocrx_word' id='word_1_295' title='bbox 1123 2519 1291 2570; x_wconf 81' lang='lat' dir='ltr'><strong>transverse</strong></span> <span class='ocrx_word' id='word_1_296' title='bbox 1309 2519 1419 2568; x_wconf 80' lang='lat' dir='ltr'><strong>commeo</strong></span> 
     </span>
    </p>
   </div>
   <div class='ocr_carea' id='block_1_3' title="bbox 199 2579 805 4444">
    <p class='ocr_par' dir='ltr' id='par_1_3' title="bbox 199 2579 805 4444">
     <span class='ocr_line' id='line_1_31' title="bbox 219 2579 803 2656; baseline 0.002 -17"><span class='ocrx_word' id='word_1_297' title='bbox 219 2583 394 2656; x_wconf 84' lang='lat' dir='ltr'><strong>promittitur</strong></span> <span class='ocrx_word' id='word_1_298' title='bbox 407 2582 444 2640; x_wconf 87' lang='lat' dir='ltr'><strong>ed</strong></span> <span class='ocrx_word' id='word_1_299' title='bbox 457 2585 595 2638; x_wconf 80' lang='lat' dir='ltr'><strong>eternam</strong></span> <span class='ocrx_word' id='word_1_300' title='bbox 610 2579 697 2638; x_wconf 86' lang='lat' dir='ltr'><strong>ritem</strong></span> <span class='ocrx_word' id='word_1_301' title='bbox 710 2595 803 2640; x_wconf 87' lang='lat' dir='ltr'><strong>resur-</strong></span> 
     </span>
     <span class='ocr_line' id='line_1_32' title="bbox 219 2649 805 2723; baseline 0 -13"><span class='ocrx_word' id='word_1_302' title='bbox 219 2651 319 2720; x_wconf 90' lang='lat' dir='ltr'><strong>rectio,</strong></span> <span class='ocrx_word' id='word_1_303' title='bbox 334 2658 450 2710; x_wconf 81' lang='lat' dir='ltr'><strong>eeternxe</strong></span> <span class='ocrx_word' id='word_1_304' title='bbox 474 2649 658 2711; x_wconf 72' lang='lat' dir='ltr'><strong>beentudinis</strong></span> <span class='ocrx_word' id='word_1_305' title='bbox 672 2657 805 2723; x_wconf 89' lang='lat' dir='ltr'><strong>speretur</strong></span> 
     </span>
     <span class='ocr_line' id='line_1_33' title="bbox 218 2721 801 2798; baseline -0.003 -16"><span class='ocrx_word' id='word_1_306' title='bbox 218 2723 343 2798; x_wconf 84' lang='lat' dir='ltr'><strong>edeptio,</strong></span> <span class='ocrx_word' id='word_1_307' title='bbox 358 2729 387 2782; x_wconf 90' lang='lat' dir='ltr'><strong>et</strong></span> <span class='ocrx_word' id='word_1_308' title='bbox 404 2739 478 2782; x_wconf 73' lang='lat' dir='ltr'><strong>rere</strong></span> <span class='ocrx_word' id='word_1_309' title='bbox 491 2721 634 2780; x_wconf 88' lang='lat' dir='ltr'><strong>lelieitetis</strong></span> <span class='ocrx_word' id='word_1_310' title='bbox 641 2721 801 2794; x_wconf 80' lang='lat' dir='ltr'><strong>acquisitio.</strong></span> 
     </span>
     <span class='ocr_line' id='line_1_34' title="bbox 217 2797 804 2866; baseline 0 -12"><span class='ocrx_word' id='word_1_311' title='bbox 217 2797 330 2854; x_wconf 85' lang='lat' dir='ltr'><strong>Oiere</strong></span> <span class='ocrx_word' id='word_1_312' title='bbox 357 2797 443 2866; x_wconf 87' lang='lat' dir='ltr'><strong>bone,</strong></span> <span class='ocrx_word' id='word_1_313' title='bbox 463 2801 493 2854; x_wconf 90' lang='lat' dir='ltr'><strong>et</strong></span> <span class='ocrx_word' id='word_1_314' title='bbox 520 2811 586 2854; x_wconf 83' lang='lat' dir='ltr'><strong>vere</strong></span> <span class='ocrx_word' id='word_1_315' title='bbox 612 2799 711 2852; x_wconf 87' lang='lat' dir='ltr'><strong>sencte</strong></span> <span class='ocrx_word' id='word_1_316' title='bbox 735 2811 804 2854; x_wconf 87' lang='lat' dir='ltr'><strong>crux</strong></span> 
     </span>
     <span class='ocr_line' id='line_1_35' title="bbox 216 2865 803 2938; baseline 0 -12"><span class='ocrx_word' id='word_1_317' title='bbox 216 2865 338 2926; x_wconf 80' lang='lat' dir='ltr'><strong>christil</strong></span> <span class='ocrx_word' id='word_1_318' title='bbox 354 2867 422 2938; x_wconf 84' lang='lat' dir='ltr'><strong>Quis</strong></span> <span class='ocrx_word' id='word_1_319' title='bbox 440 2875 469 2926; x_wconf 88' lang='lat' dir='ltr'><strong>te</strong></span> <span class='ocrx_word' id='word_1_320' title='bbox 487 2869 540 2926; x_wconf 91' lang='lat' dir='ltr'><strong>rite</strong></span> <span class='ocrx_word' id='word_1_321' title='bbox 563 2873 653 2926; x_wconf 83' lang='lat' dir='ltr'><strong>totein</strong></span> <span class='ocrx_word' id='word_1_322' title='bbox 669 2883 803 2926; x_wconf 88' lang='lat' dir='ltr'><strong>enerrere</strong></span> 
     </span>
     <span class='ocr_line' id='line_1_36' title="bbox 215 2937 803 3014; baseline 0 -14"><span class='ocrx_word' id='word_1_323' title='bbox 215 2943 319 3014; x_wconf 85' lang='lat' dir='ltr'><strong>potest,</strong></span> <span class='ocrx_word' id='word_1_324' title='bbox 334 2945 385 2998; x_wconf 88' lang='lat' dir='ltr'><strong>eut</strong></span> <span class='ocrx_word' id='word_1_325' title='bbox 396 2939 459 3013; x_wconf 93' lang='lat' dir='ltr'><strong>quis</strong></span> <span class='ocrx_word' id='word_1_326' title='bbox 480 2937 622 3012; x_wconf 76' lang='lat' dir='ltr'><strong>condigne</strong></span> <span class='ocrx_word' id='word_1_327' title='bbox 641 2937 726 3011; x_wconf 75' lang='lat' dir='ltr'><strong>digne</strong></span> <span class='ocrx_word' id='word_1_328' title='bbox 744 2939 803 3000; x_wconf 91' lang='lat' dir='ltr'><strong>leu-</strong></span> 
     </span>
     <span class='ocr_line' id='line_1_37' title="bbox 216 3011 803 3084; baseline -0.003 -14"><span class='ocrx_word' id='word_1_329' title='bbox 216 3011 309 3072; x_wconf 77' lang='lat' dir='ltr'><strong>deret</strong></span> <span class='ocrx_word' id='word_1_330' title='bbox 323 3013 391 3080; x_wconf 77' lang='lat' dir='ltr'><strong>One</strong></span> <span class='ocrx_word' id='word_1_331' title='bbox 408 3011 565 3070; x_wconf 73' lang='lat' dir='ltr'><strong>celestium</strong></span> <span class='ocrx_word' id='word_1_332' title='bbox 576 3027 745 3070; x_wconf 84' lang='lat' dir='ltr'><strong>errenorum</strong></span> <span class='ocrx_word' id='word_1_333' title='bbox 758 3011 803 3084; x_wconf 89' lang='lat' dir='ltr'><strong>pie</strong></span> 
     </span>
     <span class='ocr_line' id='line_1_38' title="bbox 217 3081 804 3158; baseline 0.003 -18"><span class='ocrx_word' id='word_1_334' title='bbox 217 3082 486 3156; x_wconf 80' lang='lat' dir='ltr'><strong>esreeeletrix,quei</strong></span> <span class='ocrx_word' id='word_1_335' title='bbox 494 3082 695 3158; x_wconf 81' lang='lat' dir='ltr'><strong>mysteriorum</strong></span> <span class='ocrx_word' id='word_1_336' title='bbox 703 3081 804 3142; x_wconf 81' lang='lat' dir='ltr'><strong>lloise-</strong></span> 
     </span>
     <span class='ocr_line' id='line_1_39' title="bbox 217 3153 803 3228; baseline 0 -16"><span class='ocrx_word' id='word_1_337' title='bbox 217 3169 305 3214; x_wconf 86' lang='lat' dir='ltr'><strong>eress</strong></span> <span class='ocrx_word' id='word_1_338' title='bbox 317 3154 519 3224; x_wconf 82' lang='lat' dir='ltr'><strong>eonserrxtrix,</strong></span> <span class='ocrx_word' id='word_1_339' title='bbox 533 3171 597 3228; x_wconf 84' lang='lat' dir='ltr'><strong>que</strong></span> <span class='ocrx_word' id='word_1_340' title='bbox 610 3153 696 3214; x_wconf 90' lang='lat' dir='ltr'><strong>etiem</strong></span> <span class='ocrx_word' id='word_1_341' title='bbox 711 3169 803 3212; x_wconf 87' lang='lat' dir='ltr'><strong>serre·</strong></span> 
     </span>
     <span class='ocr_line' id='line_1_40' title="bbox 219 3224 802 3297; baseline 0.002 -14"><span class='ocrx_word' id='word_1_342' title='bbox 219 3231 380 3286; x_wconf 87' lang='lat' dir='ltr'><strong>mentorum</strong></span> <span class='ocrx_word' id='word_1_343' title='bbox 397 3225 501 3287; x_wconf 82' lang='lat' dir='ltr'><strong>Christi</strong></span> <span class='ocrx_word' id='word_1_344' title='bbox 519 3226 621 3286; x_wconf 90' lang='lat' dir='ltr'><strong>idonee</strong></span> <span class='ocrx_word' id='word_1_345' title='bbox 643 3241 674 3284; x_wconf 89' lang='lat' dir='ltr'><strong>es</strong></span> <span class='ocrx_word' id='word_1_346' title='bbox 689 3224 802 3297; x_wconf 80' lang='lat' dir='ltr'><strong>dipen-</strong></span> 
     </span>
     <span class='ocr_line' id='line_1_41' title="bbox 218 3297 803 3380; baseline -0.002 -24"><span class='ocrx_word' id='word_1_347' title='bbox 218 3297 316 3356; x_wconf 85' lang='lat' dir='ltr'><strong>setrir.</strong></span> <span class='ocrx_word' id='word_1_348' title='bbox 332 3299 364 3356; x_wconf 93' lang='lat' dir='ltr'><strong>ln</strong></span> <span class='ocrx_word' id='word_1_349' title='bbox 379 3303 408 3358; x_wconf 88' lang='lat' dir='ltr'><strong>ts</strong></span> <span class='ocrx_word' id='word_1_350' title='bbox 420 3297 523 3371; x_wconf 77' lang='lat' dir='ltr'><strong>Angeli</strong></span> <span class='ocrx_word' id='word_1_351' title='bbox 537 3298 641 3372; x_wconf 64' lang='lat' dir='ltr'><strong>medie</strong></span> <span class='ocrx_word' id='word_1_352' title='bbox 653 3313 706 3356; x_wconf 91' lang='lat' dir='ltr'><strong>sue</strong></span> <span class='ocrx_word' id='word_1_353' title='bbox 717 3311 803 3380; x_wconf 74' lang='lat' dir='ltr'><strong>escu-</strong></span> 
     </span>
     <span class='ocr_line' id='line_1_42' title="bbox 217 3369 801 3442; baseline 0 -14"><span class='ocrx_word' id='word_1_354' title='bbox 217 3370 324 3428; x_wconf 82' lang='lat' dir='ltr'><strong>mulete</strong></span> <span class='ocrx_word' id='word_1_355' title='bbox 347 3369 534 3442; x_wconf 88' lang='lat' dir='ltr'><strong>oonspieiunt,</strong></span> <span class='ocrx_word' id='word_1_356' title='bbox 564 3369 595 3428; x_wconf 92' lang='lat' dir='ltr'><strong>in</strong></span> <span class='ocrx_word' id='word_1_357' title='bbox 623 3374 651 3428; x_wconf 88' lang='lat' dir='ltr'><strong>te</strong></span> <span class='ocrx_word' id='word_1_358' title='bbox 669 3369 801 3428; x_wconf 82' lang='lat' dir='ltr'><strong>homines</strong></span> 
     </span>
     <span class='ocr_line' id='line_1_43' title="bbox 217 3439 802 3524; baseline -0.002 -25"><span class='ocrx_word' id='word_1_359' title='bbox 217 3441 279 3499; x_wconf 86' lang='lat' dir='ltr'><strong>&#39;ure</strong></span> <span class='ocrx_word' id='word_1_360' title='bbox 290 3441 389 3499; x_wconf 87' lang='lat' dir='ltr'><strong>selutis</strong></span> <span class='ocrx_word' id='word_1_361' title='bbox 404 3457 466 3498; x_wconf 83' lang='lat' dir='ltr'><strong>sues</strong></span> <span class='ocrx_word' id='word_1_362' title='bbox 480 3445 666 3524; x_wconf 64' lang='lat' dir='ltr'><strong>cognoscunt,</strong></span> <span class='ocrx_word' id='word_1_363' title='bbox 677 3439 706 3498; x_wconf 93' lang='lat' dir='ltr'><strong>in</strong></span> <span class='ocrx_word' id='word_1_364' title='bbox 721 3447 750 3500; x_wconf 87' lang='lat' dir='ltr'><strong>te</strong></span> <span class='ocrx_word' id='word_1_365' title='bbox 761 3441 802 3498; x_wconf 88' lang='lat' dir='ltr'><strong>in-</strong></span> 
     </span>
     <span class='ocr_line' id='line_1_44' title="bbox 225 3509 800 3586; baseline -0.003 -14"><span class='ocrx_word' id='word_1_366' title='bbox 225 3511 266 3572; x_wconf 84' lang='lat' dir='ltr'><strong>sri</strong></span> <span class='ocrx_word' id='word_1_367' title='bbox 274 3513 381 3586; x_wconf 78' lang='lat' dir='ltr'><strong>jixstsm</strong></span> <span class='ocrx_word' id='word_1_368' title='bbox 390 3511 608 3572; x_wconf 88' lang='lat' dir='ltr'><strong>retributionem</strong></span> <span class='ocrx_word' id='word_1_369' title='bbox 621 3509 731 3583; x_wconf 77' lang='lat' dir='ltr'><strong>trendis</strong></span> <span class='ocrx_word' id='word_1_370' title='bbox 742 3528 800 3572; x_wconf 79' lang='lat' dir='ltr'><strong>sue</strong></span> 
     </span>
     <span class='ocr_line' id='line_1_45' title="bbox 214 3582 799 3655; baseline 0 -13"><span class='ocrx_word' id='word_1_371' title='bbox 214 3583 363 3654; x_wconf 76' lang='lat' dir='ltr'><strong>recipiunt.</strong></span> <span class='ocrx_word' id='word_1_372' title='bbox 373 3585 511 3642; x_wconf 84' lang='lat' dir='ltr'><strong>Omnibus</strong></span> <span class='ocrx_word' id='word_1_373' title='bbox 524 3599 555 3642; x_wconf 89' lang='lat' dir='ltr'><strong>es</strong></span> <span class='ocrx_word' id='word_1_374' title='bbox 565 3582 799 3655; x_wconf 68' lang='lat' dir='ltr'><strong>nqueomuibus</strong></span> 
     </span>
     <span class='ocr_line' id='line_1_46' title="bbox 212 3653 798 3730; baseline 0.003 -18"><span class='ocrx_word' id='word_1_375' title='bbox 212 3655 297 3725; x_wconf 81' lang='lat' dir='ltr'><strong>lione,</strong></span> <span class='ocrx_word' id='word_1_376' title='bbox 318 3653 454 3714; x_wconf 87' lang='lat' dir='ltr'><strong>omnibus</strong></span> <span class='ocrx_word' id='word_1_377' title='bbox 471 3656 568 3730; x_wconf 88' lang='lat' dir='ltr'><strong>juste;</strong></span> <span class='ocrx_word' id='word_1_378' title='bbox 590 3654 737 3727; x_wconf 79' lang='lat' dir='ltr'><strong>preterito</strong></span> <span class='ocrx_word' id='word_1_379' title='bbox 751 3672 798 3714; x_wconf 93' lang='lat' dir='ltr'><strong>re·</strong></span> 
     </span>
     <span class='ocr_line' id='line_1_47' title="bbox 209 3725 798 3808; baseline -0.002 -24"><span class='ocrx_word' id='word_1_380' title='bbox 209 3740 320 3798; x_wconf 79' lang='lat' dir='ltr'><strong>noves,</strong></span> <span class='ocrx_word' id='word_1_381' title='bbox 348 3731 502 3800; x_wconf 84' lang='lat' dir='ltr'><strong>presentie</strong></span> <span class='ocrx_word' id='word_1_382' title='bbox 529 3725 679 3808; x_wconf 76' lang='lat' dir='ltr'><strong>illustres,</strong></span> <span class='ocrx_word' id='word_1_383' title='bbox 704 3727 798 3786; x_wconf 87' lang='lat' dir='ltr'><strong>lutura</strong></span> 
     </span>
     <span class='ocr_line' id='line_1_48' title="bbox 209 3797 797 3882; baseline 0.003 -26"><span class='ocrx_word' id='word_1_384' title='bbox 209 3805 426 3882; x_wconf 75' lang='lat' dir='ltr'><strong>premonstres3</strong></span> <span class='ocrx_word' id='word_1_385' title='bbox 441 3798 555 3874; x_wconf 84' lang='lat' dir='ltr'><strong>perdite</strong></span> <span class='ocrx_word' id='word_1_386' title='bbox 569 3797 702 3872; x_wconf 75' lang='lat' dir='ltr'><strong>requiris,</strong></span> <span class='ocrx_word' id='word_1_387' title='bbox 720 3814 797 3870; x_wconf 80' lang='lat' dir='ltr'><strong>que·</strong></span> 
     </span>
     <span class='ocr_line' id='line_1_49' title="bbox 206 3869 797 3942; baseline 0.007 -18"><span class='ocrx_word' id='word_1_388' title='bbox 206 3873 261 3927; x_wconf 88' lang='lat' dir='ltr'><strong>site</strong></span> <span class='ocrx_word' id='word_1_389' title='bbox 276 3870 398 3941; x_wconf 76' lang='lat' dir='ltr'><strong>invenis,</strong></span> <span class='ocrx_word' id='word_1_390' title='bbox 421 3869 539 3930; x_wconf 75' lang='lat' dir='ltr'><strong>invente</strong></span> <span class='ocrx_word' id='word_1_391' title='bbox 556 3869 695 3939; x_wconf 86' lang='lat' dir='ltr'><strong>eustodis;</strong></span> <span class='ocrx_word' id='word_1_392' title='bbox 717 3869 797 3942; x_wconf 88' lang='lat' dir='ltr'><strong>lepse</strong></span> 
     </span>
     <span class='ocr_line' id='line_1_50' title="bbox 204 3939 795 4071; baseline 0 -73"><span class='ocrx_word' id='word_1_393' title='bbox 204 3939 342 4024; x_wconf 70' lang='lat' dir='ltr'><strong>restituis,</strong></span> <span class='ocrx_word' id='word_1_394' title='bbox 354 3941 487 4002; x_wconf 82' lang='lat' dir='ltr'><strong>restitute</strong></span> <span class='ocrx_word' id='word_1_395' title='bbox 500 3943 591 4071; x_wconf 54' lang='lat' dir='ltr'><strong>gredo</strong></span> <span class='ocrx_word' id='word_1_396' title='bbox 606 3941 713 4010; x_wconf 91' lang='lat' dir='ltr'><strong>munis,</strong></span> <span class='ocrx_word' id='word_1_397' title='bbox 734 3958 795 4000; x_wconf 87' lang='lat' dir='ltr'><strong>niu-</strong></span> 
     </span>
     <span class='ocr_line' id='line_1_51' title="bbox 202 4011 795 4096; baseline 0.007 -28"><span class='ocrx_word' id='word_1_398' title='bbox 202 4011 263 4072; x_wconf 90' lang='lat' dir='ltr'><strong>nite</strong></span> <span class='ocrx_word' id='word_1_399' title='bbox 277 4029 306 4070; x_wconf 93' lang='lat' dir='ltr'><strong>in</strong></span> <span class='ocrx_word' id='word_1_400' title='bbox 322 4013 396 4070; x_wconf 80' lang='lat' dir='ltr'><strong>niem</strong></span> <span class='ocrx_word' id='word_1_401' title='bbox 411 4013 491 4087; x_wconf 86' lang='lat' dir='ltr'><strong>peeis</strong></span> <span class='ocrx_word' id='word_1_402' title='bbox 521 4013 612 4096; x_wconf 71' lang='lat' dir='ltr'><strong>inigis.</strong></span> <span class='ocrx_word' id='word_1_403' title='bbox 624 4017 667 4074; x_wconf 85' lang='lat' dir='ltr'><strong>Tu</strong></span> <span class='ocrx_word' id='word_1_404' title='bbox 677 4013 795 4085; x_wconf 89' lang='lat' dir='ltr'><strong>quidem</strong></span> 
     </span>
     <span class='ocr_line' id='line_1_52' title="bbox 201 4084 794 4168; baseline -0.002 -26"><span class='ocrx_word' id='word_1_405' title='bbox 201 4085 302 4168; x_wconf 73' lang='lat' dir='ltr'><strong>eterni</strong></span> <span class='ocrx_word' id='word_1_406' title='bbox 323 4085 411 4168; x_wconf 66' lang='lat' dir='ltr'><strong>Regis</strong></span> <span class='ocrx_word' id='word_1_407' title='bbox 429 4101 461 4144; x_wconf 89' lang='lat' dir='ltr'><strong>es</strong></span> <span class='ocrx_word' id='word_1_408' title='bbox 476 4085 604 4161; x_wconf 76' lang='lat' dir='ltr'><strong>vietorie,</strong></span> <span class='ocrx_word' id='word_1_409' title='bbox 625 4091 653 4144; x_wconf 93' lang='lat' dir='ltr'><strong>et</strong></span> <span class='ocrx_word' id='word_1_410' title='bbox 671 4084 794 4144; x_wconf 83' lang='lat' dir='ltr'><strong>uoelestis</strong></span> 
     </span>
     <span class='ocr_line' id='line_1_53' title="bbox 200 4155 793 4229; baseline 0 -15"><span class='ocrx_word' id='word_1_411' title='bbox 200 4156 311 4216; x_wconf 81' lang='lat' dir='ltr'><strong>niune</strong></span> <span class='ocrx_word' id='word_1_412' title='bbox 326 4155 437 4227; x_wconf 80' lang='lat' dir='ltr'><strong>letitie,</strong></span> <span class='ocrx_word' id='word_1_413' title='bbox 459 4159 727 4228; x_wconf 70' lang='lat' dir='ltr'><strong>terrigenarumque</strong></span> <span class='ocrx_word' id='word_1_414' title='bbox 741 4173 793 4229; x_wconf 90' lang='lat' dir='ltr'><strong>po-</strong></span> 
     </span>
     <span class='ocr_line' id='line_1_54' title="bbox 200 4226 791 4310; baseline 0.003 -26"><span class='ocrx_word' id='word_1_415' title='bbox 200 4227 308 4300; x_wconf 74' lang='lat' dir='ltr'><strong>lentior</strong></span> <span class='ocrx_word' id='word_1_416' title='bbox 332 4233 364 4287; x_wconf 88' lang='lat' dir='ltr'><strong>tu</strong></span> <span class='ocrx_word' id='word_1_417' title='bbox 429 4233 574 4288; x_wconf 85' lang='lat' dir='ltr'><strong>coetorum</strong></span> <span class='ocrx_word' id='word_1_418' title='bbox 591 4244 623 4310; x_wconf 74' lang='lat' dir='ltr'><strong>es</strong></span> <span class='ocrx_word' id='word_1_419' title='bbox 646 4226 791 4298; x_wconf 80' lang='lat' dir='ltr'><strong>retiiissio,</strong></span> 
     </span>
     <span class='ocr_line' id='line_1_55' title="bbox 201 4299 792 4373; baseline -0.007 -11"><span class='ocrx_word' id='word_1_420' title='bbox 201 4301 314 4373; x_wconf 73' lang='lat' dir='ltr'><strong>pietatis</strong></span> <span class='ocrx_word' id='word_1_421' title='bbox 330 4300 394 4360; x_wconf 90' lang='lat' dir='ltr'><strong>exlii</strong></span> <span class='ocrx_word' id='word_1_422' title='bbox 415 4299 466 4359; x_wconf 86' lang='lat' dir='ltr'><strong>itin</strong></span> <span class='ocrx_word' id='word_1_423' title='bbox 501 4303 529 4358; x_wconf 91' lang='lat' dir='ltr'><strong>et</strong></span> <span class='ocrx_word' id='word_1_424' title='bbox 548 4303 718 4360; x_wconf 87' lang='lat' dir='ltr'><strong>meritorum</strong></span> <span class='ocrx_word' id='word_1_425' title='bbox 740 4315 792 4360; x_wconf 83' lang='lat' dir='ltr'><strong>eu-</strong></span> 
     </span>
     <span class='ocr_line' id='line_1_56' title="bbox 199 4341 789 4444; baseline -0.01 -10"><span class='ocrx_word' id='word_1_426' title='bbox 199 4341 608 4444; x_wconf 69' lang='lat' dir='ltr'><strong>menteriouuinirmorum</strong></span> <span class='ocrx_word' id='word_1_427' title='bbox 619 4370 789 4439; x_wconf 84' lang='lat' dir='ltr'><strong>remedium,</strong></span> 
     </span>
    </p>
   </div>
   <div class='ocr_carea' id='block_1_4' title="bbox 847 2573 1417 4446">
    <p class='ocr_par' dir='ltr' id='par_1_4' title="bbox 847 2573 1417 4446">
     <span class='ocr_line' id='line_1_57' title="bbox 859 2573 1417 2663; baseline -0.009 -25"><span class='ocrx_word' id='word_1_428' title='bbox 859 2579 909 2663; x_wconf 76' lang='lat' dir='ltr'><strong>det</strong></span> <span class='ocrx_word' id='word_1_429' title='bbox 922 2596 1051 2642; x_wconf 89' lang='lat' dir='ltr'><strong>emerem</strong></span> <span class='ocrx_word' id='word_1_430' title='bbox 1061 2582 1234 2642; x_wconf 81' lang='lat' dir='ltr'><strong>lreternum.</strong></span> <span class='ocrx_word' id='word_1_431' title='bbox 1249 2573 1417 2657; x_wconf 81' lang='lat' dir='ltr'><strong>Cujnsenor&#39;s</strong></span> 
     </span>
     <span class='ocr_line' id='line_1_58' title="bbox 858 2648 1417 2724; baseline 0.002 -14"><span class='ocrx_word' id='word_1_432' title='bbox 858 2651 1052 2724; x_wconf 77' lang='lat' dir='ltr'><strong>integritatem</strong></span> <span class='ocrx_word' id='word_1_433' title='bbox 1068 2653 1198 2714; x_wconf 81' lang='lat' dir='ltr'><strong>Christus</strong></span> <span class='ocrx_word' id='word_1_434' title='bbox 1211 2655 1299 2714; x_wconf 90' lang='lat' dir='ltr'><strong>nobis</strong></span> <span class='ocrx_word' id='word_1_435' title='bbox 1312 2648 1417 2724; x_wconf 76' lang='lat' dir='ltr'><strong>ostendit</strong></span> 
     </span>
     <span class='ocr_line' id='line_1_59' title="bbox 859 2723 1416 2806; baseline -0.005 -24"><span class='ocrx_word' id='word_1_436' title='bbox 859 2739 892 2806; x_wconf 79' lang='lat' dir='ltr'><strong>ee</strong></span> <span class='ocrx_word' id='word_1_437' title='bbox 911 2737 962 2784; x_wconf 86' lang='lat' dir='ltr'><strong>eno</strong></span> <span class='ocrx_word' id='word_1_438' title='bbox 987 2726 1126 2798; x_wconf 86' lang='lat' dir='ltr'><strong>exemplo,</strong></span> <span class='ocrx_word' id='word_1_439' title='bbox 1154 2743 1206 2784; x_wconf 89' lang='lat' dir='ltr'><strong>nos</strong></span> <span class='ocrx_word' id='word_1_440' title='bbox 1231 2723 1370 2792; x_wconf 89' lang='lat' dir='ltr'><strong>instruxit,</strong></span> <span class='ocrx_word' id='word_1_441' title='bbox 1386 2734 1416 2792; x_wconf 83' lang='lat' dir='ltr'><strong>qu</strong></span> 
     </span>
     <span class='ocr_line' id='line_1_60' title="bbox 858 2795 1417 2857; baseline 0 -5"><span class='ocrx_word' id='word_1_442' title='bbox 858 2795 992 2854; x_wconf 82' lang='lat' dir='ltr'><strong>dilectem</strong></span> <span class='ocrx_word' id='word_1_443' title='bbox 1008 2795 1134 2856; x_wconf 90' lang='lat' dir='ltr'><strong>enimein</strong></span> <span class='ocrx_word' id='word_1_444' title='bbox 1150 2814 1233 2857; x_wconf 89' lang='lat' dir='ltr'><strong>suem</strong></span> <span class='ocrx_word' id='word_1_445' title='bbox 1251 2799 1281 2856; x_wconf 94' lang='lat' dir='ltr'><strong>in</strong></span> <span class='ocrx_word' id='word_1_446' title='bbox 1293 2811 1368 2856; x_wconf 87' lang='lat' dir='ltr'><strong>cruce</strong></span> <span class='ocrx_word' id='word_1_447' title='bbox 1380 2807 1417 2848; x_wconf 77' lang='lat' dir='ltr'><strong>nr</strong></span> 
     </span>
     <span class='ocr_line' id='line_1_61' title="bbox 858 2867 1416 2954; baseline -0.007 -30"><span class='ocrx_word' id='word_1_448' title='bbox 858 2869 936 2926; x_wconf 92' lang='lat' dir='ltr'><strong>riens</strong></span> <span class='ocrx_word' id='word_1_449' title='bbox 954 2883 1007 2954; x_wconf 88' lang='lat' dir='ltr'><strong>pro</strong></span> <span class='ocrx_word' id='word_1_450' title='bbox 1030 2867 1130 2928; x_wconf 86' lang='lat' dir='ltr'><strong>emieis</strong></span> <span class='ocrx_word' id='word_1_451' title='bbox 1145 2869 1204 2928; x_wconf 91' lang='lat' dir='ltr'><strong>suis</strong></span> <span class='ocrx_word' id='word_1_452' title='bbox 1220 2869 1329 2942; x_wconf 89' lang='lat' dir='ltr'><strong>posuit,</strong></span> <span class='ocrx_word' id='word_1_453' title='bbox 1344 2871 1367 2924; x_wconf 91' lang='lat' dir='ltr'><strong>et</strong></span> <span class='ocrx_word' id='word_1_454' title='bbox 1383 2875 1416 2920; x_wconf 72' lang='lat' dir='ltr'><strong>ne</strong></span> 
     </span>
     <span class='ocr_line' id='line_1_62' title="bbox 858 2937 1414 3014; baseline 0.016 -21"><span class='ocrx_word' id='word_1_455' title='bbox 858 2937 935 2998; x_wconf 91' lang='lat' dir='ltr'><strong>idem</strong></span> <span class='ocrx_word' id='word_1_456' title='bbox 949 2941 1043 2999; x_wconf 83' lang='lat' dir='ltr'><strong>lesere</strong></span> <span class='ocrx_word' id='word_1_457' title='bbox 1057 2939 1164 2999; x_wconf 87' lang='lat' dir='ltr'><strong>docuit.</strong></span> <span class='ocrx_word' id='word_1_458' title='bbox 1181 2943 1267 3001; x_wconf 87' lang='lat' dir='ltr'><strong>Hune</strong></span> <span class='ocrx_word' id='word_1_459' title='bbox 1281 2947 1414 3014; x_wconf 63' lang='lat' dir='ltr'><strong>emorefflql</strong></span> 
     </span>
     <span class='ocr_line' id='line_1_63' title="bbox 859 3011 1414 3093; baseline -0.002 -26"><span class='ocrx_word' id='word_1_460' title='bbox 859 3011 932 3068; x_wconf 85' lang='lat' dir='ltr'><strong>[teus</strong></span> <span class='ocrx_word' id='word_1_461' title='bbox 951 3027 1064 3093; x_wconf 83' lang='lat' dir='ltr'><strong>semper</strong></span> <span class='ocrx_word' id='word_1_462' title='bbox 1086 3011 1252 3084; x_wconf 81' lang='lat' dir='ltr'><strong>laudabilis,</strong></span> <span class='ocrx_word' id='word_1_463' title='bbox 1271 3019 1304 3072; x_wconf 90' lang='lat' dir='ltr'><strong>tn</strong></span> <span class='ocrx_word' id='word_1_464' title='bbox 1321 3017 1414 3086; x_wconf 77' lang='lat' dir='ltr'><strong>poerit</strong></span> 
     </span>
     <span class='ocr_line' id='line_1_64' title="bbox 859 3077 1414 3160; baseline 0.009 -22"><span class='ocrx_word' id='word_1_465' title='bbox 859 3098 918 3151; x_wconf 85' lang='lat' dir='ltr'><strong>me;</strong></span> <span class='ocrx_word' id='word_1_466' title='bbox 933 3087 960 3140; x_wconf 90' lang='lat' dir='ltr'><strong>et</strong></span> <span class='ocrx_word' id='word_1_467' title='bbox 979 3087 1066 3142; x_wconf 91' lang='lat' dir='ltr'><strong>timor</strong></span> <span class='ocrx_word' id='word_1_468' title='bbox 1089 3084 1199 3154; x_wconf 89' lang='lat' dir='ltr'><strong>noxius,</strong></span> <span class='ocrx_word' id='word_1_469' title='bbox 1220 3092 1309 3160; x_wconf 84' lang='lat' dir='ltr'><strong>atque</strong></span> <span class='ocrx_word' id='word_1_470' title='bbox 1323 3077 1414 3142; x_wconf 63' lang='lat' dir='ltr'><strong>monili</strong></span> 
     </span>
     <span class='ocr_line' id='line_1_65' title="bbox 858 3149 1412 3236; baseline 0.016 -24"><span class='ocrx_word' id='word_1_471' title='bbox 858 3153 976 3236; x_wconf 74' lang='lat' dir='ltr'><strong>etleetus</strong></span> <span class='ocrx_word' id='word_1_472' title='bbox 1001 3155 1100 3228; x_wconf 87' lang='lat' dir='ltr'><strong>procul</strong></span> <span class='ocrx_word' id='word_1_473' title='bbox 1128 3157 1267 3216; x_wconf 85' lang='lat' dir='ltr'><strong>recedent</strong></span> <span class='ocrx_word' id='word_1_474' title='bbox 1293 3172 1311 3216; x_wconf 87' lang='lat' dir='ltr'><strong>e</strong></span> <span class='ocrx_word' id='word_1_475' title='bbox 1336 3149 1412 3226; x_wconf 66' lang='lat' dir='ltr'><strong>intel¹</strong></span> 
     </span>
     <span class='ocr_line' id='line_1_66' title="bbox 857 3221 1411 3295; baseline -0.013 -14"><span class='ocrx_word' id='word_1_476' title='bbox 857 3225 950 3295; x_wconf 81' lang='lat' dir='ltr'><strong>glorie</strong></span> <span class='ocrx_word' id='word_1_477' title='bbox 970 3231 1078 3286; x_wconf 87' lang='lat' dir='ltr'><strong>senetae</strong></span> <span class='ocrx_word' id='word_1_478' title='bbox 1090 3227 1183 3286; x_wconf 88' lang='lat' dir='ltr'><strong>erucis</strong></span> <span class='ocrx_word' id='word_1_479' title='bbox 1202 3233 1287 3288; x_wconf 83' lang='lat' dir='ltr'><strong>encta</strong></span> <span class='ocrx_word' id='word_1_480' title='bbox 1301 3234 1328 3288; x_wconf 92' lang='lat' dir='ltr'><strong>et</strong></span> <span class='ocrx_word' id='word_1_481' title='bbox 1345 3221 1411 3283; x_wconf 87' lang='lat' dir='ltr'><strong>mult·</strong></span> 
     </span>
     <span class='ocr_line' id='line_1_67' title="bbox 857 3297 1410 3426; baseline 0.022 -74"><span class='ocrx_word' id='word_1_482' title='bbox 857 3297 962 3426; x_wconf 61' lang='lat' dir='ltr'><strong>plicete</strong></span> <span class='ocrx_word' id='word_1_483' title='bbox 974 3297 1410 3374; x_wconf 58' lang='grc' dir='ltr'><strong>ιιιιιιιίριοιιιῑιιιοιιιμιίειιιιι</strong></span> 
     </span>
     <span class='ocr_line' id='line_1_68' title="bbox 869 3369 1409 3490; baseline 0.006 -64"><span class='ocrx_word' id='word_1_484' title='bbox 869 3369 942 3428; x_wconf 86' lang='lat' dir='ltr'><strong>uude</strong></span> <span class='ocrx_word' id='word_1_485' title='bbox 956 3369 986 3428; x_wconf 91' lang='lat' dir='ltr'><strong>in</strong></span> <span class='ocrx_word' id='word_1_486' title='bbox 1002 3379 1143 3430; x_wconf 83' lang='lat' dir='ltr'><strong>eternum</strong></span> <span class='ocrx_word' id='word_1_487' title='bbox 1158 3371 1308 3446; x_wconf 87' lang='lat' dir='ltr'><strong>persistet;</strong></span> <span class='ocrx_word' id='word_1_488' title='bbox 1321 3369 1409 3490; x_wconf 53' lang='lat' dir='ltr'><strong>ipssali</strong></span> 
     </span>
     <span class='ocr_line' id='line_1_69' title="bbox 858 3439 1410 3512; baseline -0.005 -16"><span class='ocrx_word' id='word_1_489' title='bbox 858 3439 926 3498; x_wconf 87' lang='lat' dir='ltr'><strong>milii</strong></span> <span class='ocrx_word' id='word_1_490' title='bbox 948 3444 1077 3502; x_wconf 80' lang='lat' dir='ltr'><strong>sermioe</strong></span> <span class='ocrx_word' id='word_1_491' title='bbox 1096 3449 1126 3502; x_wconf 91' lang='lat' dir='ltr'><strong>et</strong></span> <span class='ocrx_word' id='word_1_492' title='bbox 1142 3459 1241 3502; x_wconf 86' lang='lat' dir='ltr'><strong>emere</strong></span> <span class='ocrx_word' id='word_1_493' title='bbox 1261 3439 1371 3500; x_wconf 80' lang='lat' dir='ltr'><strong>venerei</strong></span> <span class='ocrx_word' id='word_1_494' title='bbox 1388 3446 1410 3512; x_wconf 69' lang='lat' dir='ltr'><strong>tt</strong></span> 
     </span>
     <span class='ocr_line' id='line_1_70' title="bbox 856 3511 1408 3589; baseline 0.013 -19"><span class='ocrx_word' id='word_1_495' title='bbox 856 3527 969 3582; x_wconf 85' lang='lat' dir='ltr'><strong>semper</strong></span> <span class='ocrx_word' id='word_1_496' title='bbox 984 3513 1047 3572; x_wconf 90' lang='lat' dir='ltr'><strong>leus</strong></span> <span class='ocrx_word' id='word_1_497' title='bbox 1065 3515 1126 3589; x_wconf 82' lang='lat' dir='ltr'><strong>ejus</strong></span> <span class='ocrx_word' id='word_1_498' title='bbox 1148 3513 1179 3572; x_wconf 90' lang='lat' dir='ltr'><strong>in</strong></span> <span class='ocrx_word' id='word_1_499' title='bbox 1201 3531 1251 3574; x_wconf 91' lang='lat' dir='ltr'><strong>ore</strong></span> <span class='ocrx_word' id='word_1_500' title='bbox 1271 3511 1408 3576; x_wconf 69' lang='lat' dir='ltr'><strong>meetlln</strong></span> 
     </span>
     <span class='ocr_line' id='line_1_71' title="bbox 855 3585 1408 3660; baseline 0.013 -20"><span class='ocrx_word' id='word_1_501' title='bbox 855 3585 941 3642; x_wconf 86' lang='lat' dir='ltr'><strong>eorde</strong></span> <span class='ocrx_word' id='word_1_502' title='bbox 968 3585 1117 3644; x_wconf 79' lang='lat' dir='ltr'><strong>exsultatio</strong></span> <span class='ocrx_word' id='word_1_503' title='bbox 1142 3586 1315 3660; x_wconf 84' lang='lat' dir='ltr'><strong>sempiterne</strong></span> <span class='ocrx_word' id='word_1_504' title='bbox 1330 3587 1408 3656; x_wconf 80' lang='lat' dir='ltr'><strong>peint-</strong></span> 
     </span>
     <span class='ocr_line' id='line_1_72' title="bbox 855 3653 1408 3732; baseline 0.014 -20"><span class='ocrx_word' id='word_1_505' title='bbox 855 3661 931 3713; x_wconf 88' lang='lat' dir='ltr'><strong>noet.</strong></span> <span class='ocrx_word' id='word_1_506' title='bbox 957 3657 1014 3716; x_wconf 85' lang='lat' dir='ltr'><strong>vos</strong></span> <span class='ocrx_word' id='word_1_507' title='bbox 1053 3673 1148 3732; x_wconf 90' lang='lat' dir='ltr'><strong>noque</strong></span> <span class='ocrx_word' id='word_1_508' title='bbox 1175 3675 1287 3730; x_wconf 89' lang='lat' dir='ltr'><strong>precor,</strong></span> <span class='ocrx_word' id='word_1_509' title='bbox 1312 3653 1408 3732; x_wconf 62' lang='lat' dir='ltr'><strong>celeste-⁴</strong></span> 
     </span>
     <span class='ocr_line' id='line_1_73' title="bbox 854 3673 1405 3802; baseline 0.002 -18"><span class='ocrx_word' id='word_1_510' title='bbox 854 3727 951 3799; x_wconf 87' lang='lat' dir='ltr'><strong>plebes</strong></span> <span class='ocrx_word' id='word_1_511' title='bbox 966 3673 1152 3802; x_wconf 38' lang='lat' dir='ltr'><strong>septimum,</strong></span> <span class='ocrx_word' id='word_1_512' title='bbox 1169 3729 1333 3802; x_wconf 79' lang='lat' dir='ltr'><strong>animusque</strong></span> <span class='ocrx_word' id='word_1_513' title='bbox 1341 3725 1405 3799; x_wconf 62' lang='lat' dir='ltr'><strong>titii·</strong></span> 
     </span>
     <span class='ocr_line' id='line_1_74' title="bbox 853 3799 1405 3874; baseline 0.004 -19"><span class='ocrx_word' id='word_1_514' title='bbox 853 3814 928 3868; x_wconf 92' lang='lat' dir='ltr'><strong>rum,</strong></span> <span class='ocrx_word' id='word_1_515' title='bbox 944 3799 1037 3872; x_wconf 90' lang='lat' dir='ltr'><strong>quiin</strong></span> <span class='ocrx_word' id='word_1_516' title='bbox 1057 3807 1213 3874; x_wconf 83' lang='lat' dir='ltr'><strong>conspectu</strong></span> <span class='ocrx_word' id='word_1_517' title='bbox 1234 3801 1334 3860; x_wconf 81' lang='lat' dir='ltr'><strong>divine</strong></span> <span class='ocrx_word' id='word_1_518' title='bbox 1345 3803 1405 3873; x_wconf 61' lang='lat' dir='ltr'><strong>inpii·</strong></span> 
     </span>
     <span class='ocr_line' id='line_1_75' title="bbox 852 3863 1405 3946; baseline 0.005 -20"><span class='ocrx_word' id='word_1_519' title='bbox 852 3871 934 3929; x_wconf 90' lang='lat' dir='ltr'><strong>stetis</strong></span> <span class='ocrx_word' id='word_1_520' title='bbox 962 3870 1102 3930; x_wconf 79' lang='lat' dir='ltr'><strong>ueraciter</strong></span> <span class='ocrx_word' id='word_1_521' title='bbox 1128 3871 1282 3946; x_wconf 80' lang='lat' dir='ltr'><strong>exsultetis,</strong></span> <span class='ocrx_word' id='word_1_522' title='bbox 1307 3875 1336 3930; x_wconf 89' lang='lat' dir='ltr'><strong>ut</strong></span> <span class='ocrx_word' id='word_1_523' title='bbox 1356 3863 1405 3922; x_wconf 58' lang='lat' dir='ltr'><strong>silli</strong></span> 
     </span>
     <span class='ocr_line' id='line_1_76' title="bbox 852 3935 1403 4011; baseline 0.005 -13"><span class='ocrx_word' id='word_1_524' title='bbox 852 3943 968 3999; x_wconf 81' lang='lat' dir='ltr'><strong>alleluiu</strong></span> <span class='ocrx_word' id='word_1_525' title='bbox 982 3943 1045 4001; x_wconf 90' lang='lat' dir='ltr'><strong>sine</strong></span> <span class='ocrx_word' id='word_1_526' title='bbox 1059 3943 1231 4011; x_wconf 78' lang='lat' dir='ltr'><strong>cessatione,</strong></span> <span class='ocrx_word' id='word_1_527' title='bbox 1240 3953 1269 4004; x_wconf 89' lang='lat' dir='ltr'><strong>et</strong></span> <span class='ocrx_word' id='word_1_528' title='bbox 1280 3947 1356 4002; x_wconf 79' lang='lat' dir='ltr'><strong>dmm</strong></span> <span class='ocrx_word' id='word_1_529' title='bbox 1366 3935 1403 3991; x_wconf 71' lang='lat'><strong>⁰²⁰</strong></span> 
     </span>
     <span class='ocr_line' id='line_1_77' title="bbox 851 4013 1405 4086; baseline 0.013 -14"><span class='ocrx_word' id='word_1_530' title='bbox 851 4013 965 4072; x_wconf 84' lang='lat' dir='ltr'><strong>Christo</strong></span> <span class='ocrx_word' id='word_1_531' title='bbox 973 4013 1003 4072; x_wconf 92' lang='lat' dir='ltr'><strong>iii</strong></span> <span class='ocrx_word' id='word_1_532' title='bbox 1013 4021 1154 4074; x_wconf 81' lang='lat' dir='ltr'><strong>ueternum</strong></span> <span class='ocrx_word' id='word_1_533' title='bbox 1167 4015 1303 4086; x_wconf 83' lang='lat' dir='ltr'><strong>eentetis;</strong></span> <span class='ocrx_word' id='word_1_534' title='bbox 1315 4015 1349 4070; x_wconf 88' lang='lat' dir='ltr'><strong>ite</strong></span> <span class='ocrx_word' id='word_1_535' title='bbox 1358 4016 1405 4078; x_wconf 80' lang='lat' dir='ltr'><strong>quo</strong></span> 
     </span>
     <span class='ocr_line' id='line_1_78' title="bbox 850 4085 1401 4216; baseline -0.022 -76"><span class='ocrx_word' id='word_1_536' title='bbox 850 4100 906 4157; x_wconf 91' lang='lat' dir='ltr'><strong>que</strong></span> <span class='ocrx_word' id='word_1_537' title='bbox 917 4085 1401 4216; x_wconf 49' lang='lat' dir='ltr'><strong>nostremsortemprecibnsedJuurr</strong></span> 
     </span>
     <span class='ocr_line' id='line_1_79' title="bbox 849 4157 1401 4232; baseline -0.007 -18"><span class='ocrx_word' id='word_1_538' title='bbox 849 4157 1000 4228; x_wconf 76' lang='lat' dir='ltr'><strong>studeatis,</strong></span> <span class='ocrx_word' id='word_1_539' title='bbox 1016 4165 1156 4232; x_wconf 88' lang='lat' dir='ltr'><strong>quetenus</strong></span> <span class='ocrx_word' id='word_1_540' title='bbox 1189 4159 1401 4218; x_wconf 78' lang='lat' dir='ltr'><strong>eeittudinenu·</strong></span> 
     </span>
     <span class='ocr_line' id='line_1_80' title="bbox 848 4227 1402 4306; baseline 0.002 -22"><span class='ocrx_word' id='word_1_541' title='bbox 848 4243 910 4286; x_wconf 85' lang='lat' dir='ltr'><strong>rein</strong></span> <span class='ocrx_word' id='word_1_542' title='bbox 926 4244 1013 4302; x_wconf 90' lang='lat' dir='ltr'><strong>quein</strong></span> <span class='ocrx_word' id='word_1_543' title='bbox 1031 4229 1138 4290; x_wconf 88' lang='lat' dir='ltr'><strong>tenetis</strong></span> <span class='ocrx_word' id='word_1_544' title='bbox 1149 4230 1211 4304; x_wconf 79' lang='lat' dir='ltr'><strong>jem</strong></span> <span class='ocrx_word' id='word_1_545' title='bbox 1225 4227 1402 4306; x_wconf 68' lang='lat' dir='ltr'><strong>pertentent·</strong></span> 
     </span>
     <span class='ocr_line' id='line_1_81' title="bbox 848 4299 1400 4378; baseline 0.004 -22"><span class='ocrx_word' id='word_1_546' title='bbox 848 4299 913 4358; x_wconf 87' lang='lat' dir='ltr'><strong>dein</strong></span> <span class='ocrx_word' id='word_1_547' title='bbox 934 4308 963 4358; x_wconf 88' lang='lat' dir='ltr'><strong>et</strong></span> <span class='ocrx_word' id='word_1_548' title='bbox 981 4315 1034 4360; x_wconf 91' lang='lat' dir='ltr'><strong>nos</strong></span> <span class='ocrx_word' id='word_1_549' title='bbox 1048 4317 1100 4376; x_wconf 92' lang='lat' dir='ltr'><strong>per</strong></span> <span class='ocrx_word' id='word_1_550' title='bbox 1117 4304 1239 4378; x_wconf 82' lang='lat' dir='ltr'><strong>gretiem</strong></span> <span class='ocrx_word' id='word_1_551' title='bbox 1263 4299 1400 4362; x_wconf 61' lang='lat' dir='ltr'><strong>christiint</strong></span> 
     </span>
     <span class='ocr_line' id='line_1_82' title="bbox 847 4370 1398 4446; baseline 0.013 -19"><span class='ocrx_word' id='word_1_552' title='bbox 847 4385 963 4428; x_wconf 85' lang='lat' dir='ltr'><strong>reemur</strong></span> <span class='ocrx_word' id='word_1_553' title='bbox 979 4371 1109 4446; x_wconf 85' lang='lat' dir='ltr'><strong>accipere</strong></span> <span class='ocrx_word' id='word_1_554' title='bbox 1135 4391 1142 4430; x_wconf 77' lang='grc' dir='ltr'><strong>ι</strong></span> <span class='ocrx_word' id='word_1_555' title='bbox 1169 4394 1182 4426; x_wconf 84' lang='lat' dir='ltr'><strong>u</strong></span> <span class='ocrx_word' id='word_1_556' title='bbox 1211 4375 1270 4432; x_wconf 80' lang='lat' dir='ltr'><strong>haec</strong></span> <span class='ocrx_word' id='word_1_557' title='bbox 1292 4370 1398 4432; x_wconf 57' lang='grc' dir='ltr'><strong>ΕΔΜ·</strong></span> 
     </span>
    </p>
   </div>
   <div class='ocr_carea' id='block_1_5' title="bbox 0 0 1492 5040">
    <p class='ocr_par' dir='ltr' id='par_1_5' title="bbox 0 0 1492 5040">
     <span class='ocr_line' id='line_1_83' title="bbox 0 0 1492 5040; baseline 0 9"><span class='ocrx_word' id='word_1_558' title='bbox 0 0 1492 5040; x_wconf 95' lang='lat' dir='ltr'><strong> </strong></span> 
     </span>
    </p>
   </div>
  </div>
 </body>
</html>
