3124 5038
248 455 294 508 tta
325 469 328 474 ¹
576 449 731 503 sluunbn
757 447 877 502 PARTIS
904 448 1007 502 ulrul
1035 445 1145 499 LXXVI

249 563 320 626 stus,
344 555 412 630 quie
437 559 468 612 ut
487 553 532 610 bie
557 549 683 608 diesturs
706 551 834 622 Oportatt
888 549 971 606 morti
985 547 1263 620 appropinquasset
1274 547 1447 622 sdrespeann

248 630 387 688 Christum
405 629 476 700 pott.
496 629 522 680 et
539 625 581 679 tto
594 626 699 680 iatrore
713 626 742 678 ia
766 623 832 690 pto·
887 637 937 678 seu
951 635 1082 678 oceasum
1097 619 1161 676 vitae
1175 619 1302 679 tendens.
1313 636 1449 694 congruen-

245 697 677 767 rtamsuam;bebraerunteam
691 694 829 776 Apostoli,
886 692 1448 764 teretiampassetboeverbumdieere,et
1523 703 1524 710 ¹

246 771 315 856 gule
334 767 560 855 persecutionem
585 781 636 840 pro
662 767 784 850 libente,
801 770 831 822 ut
886 763 1081 847 Durninumed
1093 764 1365 822 manendumssrum
1378 764 1447 822 cordo

244 841 830 982 blasbeenisseelmmggggt'lidseliggznggirg,nilt
885 841 1281 968 etgpgnffmlatsrliarmcrman
1300 925 1373 965 rame
1389 923 1448 964 ene-

243 985 311 1044 dicit
336 983 487 1058 Apostolus
507 999 515 1039 t
531 982 628 1040 Omnes
643 985 693 1053 pai
709 984 755 1054 pie
778 997 828 1036 aa·
883 997 1024 1038 noserrun.
1045 1011 1080 1022 -
1091 983 1127 1036 nt
1141 980 1257 1037 taudem
1273 983 1383 1036 betranit
1399 995 1448 1036 aaa

243 1057 305 1116 tuat
325 1061 417 1114 aloen
431 1059 461 1112 ia
479 1057 586 1113 Christo
606 1055 680 1120 Jesu,
706 1068 829 1126 perssna-
882 1054 1191 1121 illustraremus,
1213 1053 1281 1110 dam
1304 1053 1448 1109 emundent

243 1131 343 1187 ttaaem
361 1131 513 1202 patientta.
538 1122 591 1194 Qui
616 1141 684 1198 ergo
703 1125 761 1182 vult
781 1139 827 1182 es·
882 1140 944 1180 eum
958 1127 1006 1190 eis,
1018 1129 1231 1196 acespttpaaem
1246 1123 1448 1182 etbeaeda‘aitoe

242 1199 324 1278 sequi
336 1207 473 1259 eternam
498 1196 702 1256 beatitudinem
717 1201 745 1254 et
765 1196 827 1253 nul·
880 1198 977 1265 tregit,
989 1201 1014 1252 et
1021 1198 1180 1268 porripebnt
1189 1199 1261 1252 iltis.
1273 1195 1403 1268 Conspice
1412 1195 1448 1252 be

241 1271 372 1346 lampati
389 1269 612 1337 tribulationem,
627 1269 739 1348 ridetur
750 1267 828 1342 quod
881 1283 917 1324 ne
928 1268 1071 1340 quomodo
1081 1269 1117 1325 ad
1128 1265 1446 1326 eoruminritalionemet

241 1343 309 1402 velit
324 1361 387 1402 esse
404 1349 433 1401 et
448 1341 559 1425 Christo
577 1342 644 1399 iesu
657 1340 781 1422 dignior,
799 1343 828 1395 et
882 1341 1057 1422 coactionem
1079 1339 1203 1412 benigne
1222 1356 1287 1396 eum
1315 1340 1356 1397 eis
1376 1339 1448 1394 intrat

240 1415 383 1474 nastulis
414 1419 549 1484 sanetius,
569 1417 598 1470 et
622 1420 730 1470 eunetis
751 1411 828 1468 lide-
882 1410 1447 1482 Dominus:mensamponunt,eibnsolle·

242 1431 316 1548 ligus
338 1486 449 1546 melior.
881 1490 960 1552 nunt;
977 1483 1037 1556 ipse
1054 1499 1143 1566 panes
1168 1483 1273 1555 ancipit
1290 1500 1324 1540 ae
1347 1481 1446 1540 benedi·

275 1561 443 1618 5D1serrnn1
469 1559 607 1616 Gnnlsrnu
636 1571 753 1612 nonnius
782 1573 826 1612 mn
881 1571 957 1624 cens,
969 1571 1018 1612 eos
1033 1557 1165 1612 manibus
1175 1553 1374 1612 sacratissimis
1388 1556 1447 1610 trra·

241 1647 393 1690 slnesnrmr
417 1645 532 1688 coenan.
554 1659 587 1671 -
610 1630 647 1686 Et
673 1630 825 1700 apprupta·
880 1629 963 1698 gitet
992 1627 1111 1699 porrigit
1139 1627 1205 1696 allis,
1233 1626 1383 1684 laciensis
1406 1627 1447 1682 bar

239 1709 396 1831 ssuaveraat
419 1703 532 1760 castello
549 1715 605 1772 qao
621 1700 710 1766 ibant,
726 1701 826 1770 etipse
880 1698 953 1754 sient
967 1703 1034 1756 ante
1051 1698 1225 1768 Passionem,
1244 1699 1359 1772 quando
1372 1699 1448 1756 adbur

264 1773 377 1832 ominus
387 1789 416 1830 se
434 1775 517 1844 ponit
532 1773 641 1840 toapios
655 1773 705 1838 ire,
722 1775 752 1825 ut
771 1773 825 1827 sci·
880 1769 955 1827 inter
970 1787 1019 1828 eos
1033 1774 1257 1828 conversabatur
1270 1788 1319 1828 sea
1335 1772 1447 1828 moraba-

238 1844 304 1906 licet
321 1859 422 1904 eorum
451 1847 569 1918 angeret
595 1840 776 1910 desiderium,
797 1849 826 1899 et
880 1847 936 1910 tur,
959 1843 1052 1900 iacere
1074 1849 1269 1900 consueverat.
1287 1847 1323 1900 Et
1342 1859 1390 1916 per
1408 1843 1449 1897 bot

238 1915 408 1976 inniteretur
419 1915 456 1974 ab
467 1915 520 1984 eis,
532 1919 562 1971 et
570 1919 726 1970 teneretur.
744 1915 825 1972 Unde
880 1913 1002 1986 seipsum
1018 1915 1060 1972 eis
1079 1921 1197 1984 revelat,
1217 1915 1286 1986 uaria
1302 1914 1449 1986 tuneaperti

237 1987 458 2048 aitileranrdus:
469 2010 484 2040 o
495 1987 653 2045 simulabat
663 2001 693 2043 se
710 1985 825 2057 lougius
879 1993 943 2042 suat
957 1989 1030 2043 neoti
1044 2004 1145 2051 eoram,
1160 1986 1270 2044 seilicet
1295 1985 1447 2052 interiorem

143 2069 146 2086 ¹
237 2059 297 2127 ire:
324 2075 382 2120 non
396 2059 464 2133 quie
490 2059 613 2128 volebat,
641 2058 691 2116 sed
713 2058 826 2116 volebat
879 2064 905 2114 el
922 2065 1104 2128 regnaverunt
1121 2075 1192 2127 eum,
1207 2058 1237 2116 ln
1254 2059 1338 2116 modo
1352 2056 1448 2114 tractio·

218 2158 221 2163 ·
239 2133 339 2192 audire
351 2156 357 2191 :
370 2135 451 2189 dtoae
459 2132 611 2198 nobiseum,
624 2133 745 2194 Domine,
756 2147 824 2202 quo·
880 2129 923 2185 nis
936 2130 1029 2203 panis,
1043 2139 1187 2188 assuetam
1202 2130 1264 2204 ejus
1282 2127 1448 2188 eonsuetudi-

203 2273 207 2280 ,
238 2209 315 2262 aiom
329 2205 535 2278 advesperascit
555 2226 562 2261 :
579 2222 594 2256 a
617 2202 679 2260 baee
694 2205 824 2284 'Benar-
879 2217 945 2259 nem
960 2206 1098 2272 videntes,
1110 2202 1150 2260 sie
1164 2201 1242 2259 enim
1257 2203 1403 2275 frangebat
1412 2217 1448 2272 pa·

239 2276 302 2336 das.
319 2277 350 2334 in
365 2278 418 2334 boe
432 2283 528 2334 tamen
544 2273 623 2332 nulle
638 2273 746 2330 lalsrtes
760 2272 824 2343 luit,
880 2289 944 2331 nem
955 2274 1016 2330 sole
1032 2290 1128 2342 manu,
1138 2275 1202 2331 atesi
1213 2274 1449 2332 scinderetarenn

240 2347 390 2420 quiasinut
405 2348 442 2406 ali
465 2347 513 2404 uad
528 2352 621 2419 potest
635 2345 703 2418 tingi
721 2344 823 2414 verbis,
878 2348 991 2403 catello.
1013 2347 1211 2418 cognoveram
1229 2345 1318 2418 igitur
1336 2347 1407 2404 illum
1423 2359 1450 2401 en

239 2418 281 2478 ila
296 2425 325 2502 et
337 2418 429 2481 leeu‘s.
443 2363 570 2500 §rimam
585 2421 679 2475 autem
692 2416 748 2499 luit
763 2416 824 2473 sine
880 2417 964 2474 modo
982 2417 1129 2490 frangendi
1141 2424 1170 2474 et
1181 2417 1266 2474 etiam
1277 2413 1449 2476 benedicendi

239 2491 374 2557 telsttate,
390 2496 421 2546 ut
434 2493 512 2562 patet
527 2503 556 2544 ln
572 2489 714 2559 parabolis
731 2491 825 2545 Testa·
878 2504 991 2560 penem.
1009 2489 1122 2560 Legitur
1136 2489 1213 2546 euim
1230 2505 1335 2562 panem
1348 2489 1385 2548 sin
1399 2489 1450 2544 lre-

239 2565 327 2622 menti
343 2559 412 2620 Nori
425 2566 453 2618 et
465 2557 700 2640 Veteris,·quibus
716 2558 824 2632 aliquid
877 2561 952 2644 gisse
970 2567 998 2617 et
1012 2561 1189 2619 benedixisse
1209 2563 1320 2634 pluries
1335 2580 1343 2618 ι
1360 2560 1449 2636 primo,

239 2630 463 2706 tingiturverbis
482 2632 518 2688 ed
536 2633 685 2688 ueritatem
699 2631 824 2704 aliquam
877 2649 906 2689 m
931 2632 1057 2706 quinque
1083 2649 1188 2706 panum
1209 2634 1450 2708 multiplicatione,

238 2701 455 2762 convenientius
466 2700 824 2788 designandamatquieo·
878 2707 1014 2774 seeundo,
1030 2704 1060 2761 in
1075 2713 1185 2778 septem
1199 2721 1308 2778 panum
1328 2704 1450 2763 distribu-

238 2775 304 2836 dem
317 2775 403 2834 modo
418 2775 464 2832 bie
477 2775 606 2832 Cbnstus
622 2773 701 2830 tinnit
713 2791 743 2832 se
759 2776 823 2833 lon·
877 2781 953 2833 tione
966 2793 973 2846 ;
988 2776 1083 2845 tertio,
1101 2779 1127 2834 in
1144 2777 1187 2834 sui
1215 2777 1350 2848 Corporis
1365 2791 1451 2834 eonse-

236 2847 300 2922 gius
314 2847 367 2918 ire,
386 2847 423 2906 sd
437 2846 642 2920 designandam
659 2845 823 2906 distantiam
878 2847 1004 2904 eratione
1017 2865 1024 2916 ;
1035 2855 1146 2920 quarto,
1162 2848 1207 2906 bic
1219 2849 1248 2906 in
1258 2849 1451 2922 discipulorum

237 2919 400 2978 aeordibus
422 2933 521 2976 sorum
538 2923 655 2992 propter
669 2917 823 2978 fideidele-
878 2918 1096 2977 illuminatione.
1113 2923 1143 2977 ln
1164 2919 1209 2978 bis
1228 2927 1335 2979 aulem
1362 2927 1452 2978 uatum

237 2996 325 3052 ctum.
341 2992 420 3049 Unde
434 2989 474 3048 ait
488 2992 663 3062 Augustinus
680 3007 686 3046 :
712 3011 726 3044 a
742 2991 822 3059 Quod
877 2991 1074 3061 tractionibus,
1090 2992 1269 3064 signilipatur
1285 2938 1451 3067 quadruplex

238 3080 296 3122 nnn
324 3062 361 3122 ed
387 3061 570 3120 mendacium
600 3061 724 3136 pertinet
740 3079 747 3118 :
763 3079 822 3120 non
877 3063 1015 3135 expositio
1047 3066 1139 3121 Sacrae
1166 3064 1332 3137 scripturae,
1358 3077 1449 3122 secun:

238 3135 315 3194 enim
325 3133 401 3208 quod
412 3133 559 3218 linginms,
568 3132 748 3192 mendacium
764 3139 821 3203 est:
877 3135 944 3190 darm
970 3139 1092 3208 quatuor
1107 3138 1169 3208 ejus
1192 3153 1305 3210 seusus,
1329 3135 1451 3194 scilieet·

237 3208 288 3266 sed
328 3206 421 3264 nando
445 3207 725 3278 idflngrmus,qu0d
752 3205 822 3263 nibil
877 3205 1054 3272 historicum,
1080 3209 1298 3280 tropologicum,
1328 3205 1450 3276 allegori-

238 3223 390 3354 signffieat.
421 3279 490 3338 Cum
515 3283 610 3360 autem
629 3277 708 3359 ticlio
728 3283 824 3336 nostre
877 3284 987 3348 cum,et
998 3279 1195 3352 anagogicum.
1207 3280 1258 3338 Ubi
1268 3283 1450 3352 Augustiana:

238 3352 329 3410 fertur
355 3349 392 3408 ad
421 3349 547 3424 aliquem
572 3349 821 3422 organisationem,
878 3371 893 3402 a
908 3351 969 3406 Non
996 3354 1216 3424 incongruenter
1232 3351 1387 3426 emipimus
1404 3353 1451 3407 bac

237 3439 296 3482 nnn
311 3427 355 3482 est
367 3420 558 3504 mendacium,
568 3423 618 3476 sed
633 3419 729 3494 aliqua
749 3421 821 3493 ilgu·
877 3420 1110 3491 impedimentum
1126 3425 1154 3480 in
1169 3424 1257 3481 oeulis
1268 3441 1394 3482 eoruma
1407 3424 1449 3480 Sa·

237 3510 271 3552 ra
290 3492 433 3562 verilet1s;
458 3495 531 3548 sieut
557 3496 653 3548 autem
680 3495 765 3561 diota,
781 3493 821 3550 ita
875 3499 942 3550 tana
960 3492 1057 3563 inisse,
1074 3511 1110 3552 ne
1135 3503 1339 3568 agnosceretur
1356 3499 1449 3560 lesus;

236 3565 324 3626 etiam
339 3565 489 3640 linguntur
504 3561 646 3620 laetasine
658 3563 818 3635 mendacio,
875 3565 925 3620 sed
939 3573 1031 3622 lamen
1043 3581 1060 3623 a
1074 3567 1187 3624 Christo
1201 3569 1275 3625 laeta
1286 3575 1329 3626 est
1342 3566 1450 3642 permis·

235 3637 272 3696 ad
287 3637 412 3712 aliquem
431 3650 492 3693 rem
512 3634 700 3717 signandam:
721 3657 730 3684 ι
759 3635 820 3694 baee
874 3635 916 3693 sio
932 3653 1020 3710 usque
1041 3639 1077 3695 ad
1092 3646 1300 3697 >aeramentum
1322 3640 1409 3712 panis,
1423 3639 1450 3694 ut

233 3709 419 3778 Augustinus.
434 3706 490 3782 ipsi
509 3712 604 3766 autem
626 3705 819 3765 desiderantes
873 3709 981 3766 unitate
996 3711 1129 3783 Corporis
1144 3712 1206 3783 ejus
1217 3711 1395 3786 participata,
1410 3725 1448 3767 re-

233 3779 327 3862 adbuc
346 3780 444 3838 audire
459 3779 562 3854 ipsum,
580 3785 724 3848 coeperant
738 3781 818 3836 illam
873 3781 1164 3854 moveriintelligalur
1175 3783 1405 3867 impedimentum
1415 3783 1450 3836 iu·

231 3851 325 3922 lacos,
343 3850 450 3909 scilieet
480 3850 610 3908 menibus
631 3851 818 3909 trabendnut
871 3849 1446 3928 imici,uthristusposs1tagnoseirtlbi
1525 3909 1526 3922 ,

229 3928 369 3993 maneret,
387 3937 421 3980 ee
435 3922 529 3980 verbis
542 3926 572 3979 et
586 3922 742 3981 rationibus
754 3923 816 3980 alli·
871 3924 910 3981 eit
925 3932 953 3981 et
968 3927 1134 3998 Tbeapbilus
1149 3943 1156 3981 ε
1169 3949 1184 3979 a
1199 3927 1253 3985 Sed
1267 3934 1295 3984 et
1309 3928 1385 3986 aliud
1399 3927 1446 3982 boe
1525 3931 1526 3946 ³

228 3993 330 4052 ciendo
351 3991 456 4050 obnixe
470 3999 653 4066 rogaverunt,
672 3996 814 4051 dieentes:
869 3994 972 4062 innait,
989 3997 1066 4070 quod
1086 3997 1203 4066 scilieet,
1220 3999 1396 4056 sumentibus
1408 4011 1445 4053 sa·

226 4067 309 4126 Mene
324 4065 477 4150 nobiseum,
502 4068 633 4147 quantum
652 4067 816 4150 advespera·
869 4083 948 4125 crum
960 4073 1445 4142 penem,aperianturoeulr.ateum

226 4141 289 4210 seit,
306 4143 331 4197 et
345 4137 483 4194 iaetanata
497 4141 537 4192 est
547 4152 610 4208 pom
623 4139 692 4206 dies,
707 4139 816 4195 scilieet
868 4146 1036 4211 agnoscant,
1050 4157 1185 4214 magnam
1196 4143 1271 4200 euim
1285 4150 1313 4200 et
1326 4138 1446 4200 ineffibi-

224 4209 261 4268 ad
276 4223 419 4270 occasum.
433 4207 493 4278 Quo
509 4208 813 4278 exemplo,seeundum
867 4211 923 4269 lem
940 4210 995 4270 rim
1021 4213 1108 4270 babet
1124 4214 1232 4272 Dorrrini
1250 4231 1316 4272 cero
1337 4233 1344 4268 :
1363 4239 1374 4262 a
1391 4214 1444 4270 bea

227 4281 398 4355 demonum,
412 4277 572 4363 colligitur..
582 4281 658 4362 quod
671 4280 811 4366 peregrini
869 4285 1046 4356 Tteopbtlas.
1064 4287 1120 4342 ista
1134 4285 1210 4344 eirea
1231 4285 1385 4361 discipulos
1398 4299 1443 4356 ge·

224 4369 283 4416 non
309 4355 402 4414 solum
424 4351 461 4438 ad
493 4353 645 4424 hospitium
673 4352 811 4412 invitandi
865 4363 910 4414 sla
925 4355 1050 4428 quotidie
1069 4355 1137 4414 ierit
1151 4357 1288 4416 Dominus
1304 4357 1443 4416 nobiscum

225 4431 303 4500 sunt,
331 4425 381 4486 sed
409 4431 495 4484 etnam
521 4423 662 4483 trahendi.
689 4425 811 4494 Quilibet
865 4426 1057 4500 invisibiliter,
1073 4427 1143 4488 etin
1158 4431 1344 4503 anime,nam
1359 4422 1443 4488 teneri
