3104 5034
276 461 282 474 .
345 417 384 468 ltl
412 416 508 469 POENl
538 417 719 475 insellati
745 419 784 474 sl
811 413 935 470 ttolll
963 412 1128 469 tffltlsll:
1307 417 1351 472 30⁵

141 519 285 594 reposita,
302 521 362 592 pari
384 528 451 580 ante
479 525 576 582 oculos
600 525 708 584 ultione
762 523 1008 597 consumptionem
1026 519 1114 578 totius
1134 519 1239 596 lapidis
1262 523 1350 584 linem

119 537 266 651 Samoou.
284 613 297 645 n
314 593 393 651 Unde
404 599 431 652 et
442 596 588 653 lsidomu:
605 617 618 652 u
629 597 708 670 ignis
762 597 882 654 haberet
919 591 1062 651 sententia
1094 599 1201 652 nostras
1233 601 1351 658 ¹eterna

119 667 259 738 gehenna
273 665 379 722 lucebit
393 665 506 724 miseris
526 669 563 724 ad
585 669 707 728 miserim
763 665 964 726 damnationis.
985 664 1040 746 Sed
1063 665 1138 723 heul
1163 666 1225 724 haee
1249 669 1351 728 eadem

120 736 706 812 augmentumutvioeantuodedoleam,
763 737 918 798 consolatio
945 734 1057 794 misens
1078 751 1097 794 a
1121 736 1219 797 divina
1241 740 1370 812 lustitia·

119 825 177 867 non
205 808 243 866 ad
270 808 509 880 consolationem,
537 817 568 868 ut
593 813 709 871 videant
762 812 878 886 penitus
894 814 938 868 est
952 811 1068 881 negata.

120 880 197 938 unde
210 881 362 952 gaudeant.
380 883 441 938 »Et
454 882 591 954 breviter,
606 901 707 943 secun·
800 904 814 940 a
830 885 982 952 Srsmsmu,
998 895 1114 937 matonis
1128 897 1228 940 ownia
1245 901 1352 946 com-

122 953 190 1009 dum
212 955 419 1024 Hieronymum,
437 957 516 1011 tanta
535 955 589 1012 erit
612 956 642 1013 in
664 957 708 1014 in·
762 973 817 1013 mn.
837 985 872 999 -
895 956 988 1026 Supra
1010 967 1112 1010 omues
1134 956 1229 1013 autem
1255 973 1353 1028 poenas

120 1023 201 1080 terno
215 1022 259 1080 uls
273 1023 390 1094 doloris,
399 1027 474 1098 quod
486 1042 567 1084 mens
581 1027 618 1085 ad
631 1027 709 1086 aliud
762 1026 877 1096 inferni,
908 1029 953 1084 est
980 1025 1107 1082 carentia
1136 1023 1254 1086 visionis
1282 1029 1349 1100 Dei;

120 1095 204 1166 dirigi
230 1111 289 1152 oon
310 1101 411 1167 potest,
431 1097 486 1154 nisi
511 1099 548 1156 ad
569 1101 647 1170 quod
668 1100 709 1157 vis
763 1097 832 1170 quia
853 1096 920 1155 mali
940 1113 999 1154 non
1022 1099 1132 1153 tantum
1155 1095 1292 1158 dolebunt
1317 1101 1353 1160 de

122 1165 228 1248 doloris
239 1165 368 1238 impellit.
380 1169 458 1238 Etsi,
475 1169 595 1241 singulis
609 1172 709 1229 diebus
762 1170 825 1244 ipso
840 1173 994 1238 tormento,
1011 1181 1098 1242 quam
1117 1168 1194 1296 guod
1210 1171 1352 1254 repellen-

121 1239 223 1310 quibus
237 1243 321 1295 erunt
333 1239 460 1297 damnati
473 1240 503 1298 in
517 1241 632 1300 inlerno
645 1248 708 1300 tan·
761 1245 809 1299 tur
818 1259 836 1300 a
846 1241 897 1299 tali
909 1243 1061 1302 consortio.
1074 1241 1117 1296 Un
1138 1237 1258 1314 einqutt
1269 1244 1353 1316 curq-

120 1310 710 1383 tumuoamlocrymammaterialememit·
762 1319 925 1372 sociemus:
956 1309 1129 1369 «Nonnulli
1154 1310 1353 1385 imperitorum

120 1385 223 1452 terent,
239 1383 302 1454 plus
316 1385 404 1440 exiret
423 1399 506 1456 aqum
522 1400 573 1458 per
591 1402 709 1458 proees-
762 1386 900 1458 putabant
911 1384 965 1442 sibi
977 1399 1040 1441 esse
1053 1383 1123 1439 eatis
1135 1386 1165 1439 et
1176 1385 1302 1457 optabile
1313 1387 1353 1444 ri·

119 1469 182 1510 sum
196 1453 332 1526 temporis
345 1455 382 1512 ab
395 1471 453 1513 uno
465 1457 610 1528 damnato,
624 1474 708 1530 quarn
762 1457 835 1526 deri,
852 1455 879 1528 ¹si
899 1456 1249 1528 gehennatantummodo
1270 1473 1351 1517 care·

123 1523 219 1582 omnia
241 1541 310 1582 vasa
334 1527 540 1599 hujusmundi
562 1535 707 1602 caperent,
762 1532 1008 1600 rent;egoautem
1016 1524 1352 1602 multograrioresquam

119 1595 177 1654 imo
199 1597 262 1670 plus
284 1613 370 1670 quam
389 1598 488 1656 omnia
511 1601 603 1658 maria
624 1617 707 1672 aquae
761 1601 900 1671 gehenna
920 1599 984 1656 dico
1003 1613 1066 1656 esse
1090 1596 1241 1670 cruciatus,
1258 1615 1353 1660 remo·

120 1668 295 1726 contineant.
312 1669 396 1742 Opia
415 1673 511 1736 corda,
528 1673 598 1730 illnd
612 1673 707 1730 inter·
761 1671 868 1728 veriet
889 1669 974 1744 abjici
993 1669 1030 1726 ab
1051 1667 1101 1726 illa
1122 1668 1222 1742 gloria.
1237 1673 1352 1730 Excludl

120 1739 255 1797 minabile
279 1745 307 1798 et
329 1741 454 1812 crudele,
470 1743 542 1800 illud
566 1751 707 1801 aeternum
761 1743 798 1800 ab
812 1739 1044 1802 omnibusbonis
1061 1755 1125 1812 quae
1144 1739 1256 1800 Sanctis
1275 1760 1354 1816 prae-

120 1811 288 1884 supplicium
308 1812 451 1885 respicite,
473 1813 566 1886 lugete
586 1821 615 1872 et
629 1817 705 1874 flete.
760 1821 862 1887 parata
883 1819 950 1872 sunt
975 1817 1087 1872 tantum
1106 1819 1227 1886 generat
1247 1815 1353 1874 crucia-

120 1883 202 1940 lleui
234 1884 304 1940 heul
333 1886 389 1941 Cur
414 1902 470 1942 nrrn
497 1887 558 1943 hnc
584 1887 707 1946 munima
760 1891 833 1956 tum,
849 1891 878 1944 et
900 1891 1011 1944 tantum
1030 1883 1170 1954 dolorem,
1187 1891 1217 1942 ut
1238 1887 1350 1946 etiamsi

120 1953 216 2012 sutura
230 1955 312 2012 nobis
333 1956 407 2013 mala
427 1958 625 2028 praevenimus,
642 1975 707 2016 cum
761 1959 839 2014 nulla
851 1973 936 2030 poena
947 1957 1122 2015 extrinsecus
1136 1955 1285 2015 damnatos
1296 1963 1352 2016 tor·

120 2027 209 2083 robur
223 2028 314 2096 adest,
327 2035 355 2084 et
370 2037 482 2101 tempus
494 2033 708 2103 opportunum?
761 2035 870 2100 queret,
882 2031 943 2086 haec
952 2029 1014 2086 sola
1023 2027 1180 2096 sulliceret;
1192 2030 1310 2087 omnesi
1332 2031 1352 2088 i·

121 2098 233 2154 Utinam
249 2107 277 2156 et
292 2101 327 2156 de
342 2105 469 2172 tempore
489 2107 548 2158 toto
567 2103 708 2160 inutiliter
759 2103 951 2173 turgehennae
960 2103 1074 2172 superat
1082 2048 1354 2160 cruciatuslltviife·

119 2185 252 2239 expenso,
273 2178 433 2244 superesset
456 2177 521 2229 tuuc
550 2175 633 2231 nobis
663 2175 706 2232 uel
761 2179 807 2228 tur
826 2172 941 2245 quidem
966 2187 1025 2230 una
1047 2171 1246 2228 tautummodo
1266 2189 1353 2246 poena

120 2257 176 2298 una
188 2243 289 2300 horula
302 2249 388 2300 tantae
402 2260 494 2316 poenae
508 2247 535 2300 in
548 2247 706 2303 remedium
762 2259 824 2300 esse
847 2242 990 2312 comburi;
1008 2244 1031 2300 si
1061 2257 1130 2298 vero
1160 2240 1263 2314 aliquis
1290 2245 1351 2302 dili·

118 2316 267 2372 concrssal
291 2317 345 2372 Sed
368 2317 437 2372 heul
453 2317 644 2374 sententiante
663 2317 706 2374 di·
760 2321 862 2386 genter
874 2333 906 2372 cx
928 2317 1024 2385 eodat,
1040 2312 1143 2384 duplex
1155 2311 1210 2370 hoc
1224 2313 1351 2375 inveniet

118 2385 186 2442 nina
196 2387 317 2458 justitia,
331 2388 515 2460 praecluditur
526 2389 609 2446 nobis
623 2391 707 2446 salu·
761 2403 823 2444 esse
836 2332 1016 2460 suppiicium.
1034 2387 1086 2454 Qui
1102 2382 1178 2440 enim
1197 2383 1227 2442 in
1244 2388 1353 2460 gehen-

118 2457 154 2513 tis
169 2457 224 2528 ria,
239 2465 360 2530 negatur
374 2459 583 2530 mesericordia,
599 2469 627 2518 et
641 2477 706 2544 spes
760 2475 799 2516 na
815 2459 917 2526 uritur,
932 2459 1070 2517 coelorum
1090 2471 1211 2527 regnum
1236 2475 1354 2531 prorsus

118 2527 210 2586 omnis
226 2537 268 2588 est
283 2531 387 2588 ablata.
403 2533 425 2589 0
442 2531 554 2589 dolores
573 2533 705 2604 misena,
760 2530 876 2602 amittit,
893 2547 956 2603 quaa
979 2535 1055 2588 certo
1074 2543 1159 2602 poeua
1182 2529 1275 2601 major
1297 2538 1351 2603 est,

118 2607 147 2658 et
162 2603 190 2658 in
203 2607 341 2660 aeternum
353 2619 545 2675 permansurae
557 2606 705 2678 angustiae,
760 2618 847 2674 quam
863 2603 1004 2661 cruciatus
1016 2600 1065 2659 ille
1078 2603 1271 2660 flammarum.
1281 2605 1352 2662 Novi

117 2673 147 2729 in
174 2678 249 2730 tona
276 2673 332 2732 ista
358 2676 515 2746 oblivionis,
537 2677 586 2732 udi
611 2680 706 2734 niellus
760 2669 1142 2747 autam,quoniamplurimi
1158 2671 1352 2747 solamperti·

118 2745 196 2814 ordo,
211 2747 261 2802 sed
276 2750 457 2818 sempiternus
478 2749 574 2803 laomor
599 2751 707 2804 inlabi·
761 2753 888 2802 mescant
904 2749 1078 2820 gehennam,
1093 2757 1146 2815 ego
1161 2747 1257 2802 lamen
1273 2746 1351 2805 illius

118 2817 268 2885 tuilQuid
284 2817 568 2891 pluralNosmiseri
585 2819 707 2877 etmise-
760 2815 859 2888 gloriae
885 2817 1070 2874 amissionem
1095 2813 1184 2896 multo
1213 2816 1350 2890 amasius,

117 2888 224 2947 nabiles
253 2895 365 2947 tantum
392 2896 460 2948 tune
486 2890 649 2962 altligimur,
678 2896 707 2948 et
759 2905 845 2960 quarn
859 2888 948 2962 ipsius
966 2887 1106 2959 gehennae
1125 2885 1188 2966 dlco
1204 2903 1268 2944 esse
1282 2905 1350 2962 sup·

118 2960 246 3018 dolemus
260 2962 295 3019 de
314 2961 364 3019 illo
384 2979 426 3020 vae
449 2966 567 3031 aetcrno,
582 2967 613 3018 ut
634 2978 704 3034 qua·
759 2958 885 3032 plicium.
900 2958 1091 3018 intolerabilis
1106 2955 1222 3029 quidem
1241 2975 1288 3016 res
1305 2965 1350 3018 est

118 3031 706 3106 liscumqueterminusexcogitatusdum-
759 3033 900 3104 gehenna,
921 3036 950 3088 et
976 3029 1145 3104 supplicium
1169 3029 1231 3102 ejus
1253 3031 1347 3089 horri-

118 3105 203 3160 modo
219 3105 326 3176 finitus,
341 3111 416 3164 asset
433 3105 517 3163 noliis
534 3106 703 3163 solatiosus·
759 3103 825 3162 bile.
845 3107 988 3170 Attamen,
1005 3103 1028 3160 si
1043 3101 1120 3159 mille
1135 3099 1240 3173 aliquis
1258 3109 1346 3176 ponat

119 3175 205 3246 unde,
244 3180 327 3248 osito,
349 3194 399 3248 per
421 3175 608 3248 impossibile,
628 3149 705 3249 quod
758 3176 920 3247 gehennas,
949 3173 1018 3232 nihil
1048 3173 1104 3231 tale
1131 3171 1258 3233 dicturus
1285 3180 1342 3246 est,

118 3250 193 3304 esset
208 3193 310 3321 aflecta
327 3249 399 3333 lapis
420 3248 536 3306 molaris
555 3249 626 3306 adeo
642 3265 704 3306 ma·
758 3247 841 3319 quale
854 3251 897 3330 est
907 3262 924 3304 a
934 3247 1026 3303 beatae
1038 3243 1222 3319 illiusgloriae
1232 3246 1342 3328 ponere

117 3336 210 3391 gnus,
236 3321 313 3392 quod
344 3321 602 3378 circumferentiam
641 3320 704 3378 coeli
757 3317 888 3401 propelli,
902 3333 1076 3388 caesumque
1091 3334 1154 3376 esse
1173 3316 1297 3388 consto,
1313 3323 1342 3376 et

118 3389 308 3462 contingeret,
327 3399 354 3450 ct
369 3393 446 3465 quod
467 3393 562 3465 aliqua
583 3392 703 3462 avicula,
757 3391 856 3448 audire
878 3393 914 3447 ab
936 3389 985 3448 illo
1001 3407 1008 3446 :
1022 3394 1180 3461 Numquam
1195 3392 1260 3445 noui
1278 3405 1342 3458 uos;

118 3459 627 3538 minimaequantitotis,postccntum
644 3465 704 3520 mil·
757 3469 842 3534 atque
868 3461 978 3520 vultum
1003 3461 1083 3518 illum
1113 3459 1343 3520 mensuetudinis

117 3533 155 3590 lia
168 3551 258 3592 annos
269 3537 393 3608 veniens,
404 3537 439 3593 de
452 3536 544 3606 larride
556 3537 702 3608 praedicto,
757 3532 927 3608 pietatisque
940 3533 1066 3608 plenum,
1083 3551 1136 3590 uos
1150 3540 1247 3590 tamen
1262 3549 1344 3590 aver·

117 3605 296 3664 solummodo
310 3625 361 3681 per
376 3613 499 3665 rostrum
512 3624 593 3664 suurn
604 3609 704 3664 evolle-
755 3611 866 3662 santem
875 3607 982 3676 videre,
992 3621 1025 3662 ac
1037 3605 1100 3662 illos
1110 3604 1197 3662 totius
1207 3603 1344 3676 tranquil·

116 3683 172 3747 ret,
186 3685 322 3750 quantum
342 3687 385 3738 esi
408 3679 518 3736 decima
534 3695 600 3760 pars
620 3679 701 3750 milii,
756 3675 1344 3748 litatiseidulcedinisoculos,ncquaquam

117 3755 145 3806 et
167 3753 269 3807 lterum
291 3759 353 3824 post
373 3757 494 3809 centum
507 3751 595 3806 millia
607 3767 702 3806 anuo·
755 3765 808 3806 nos
823 3747 949 3830 aspicere
970 3751 1150 3806 sustinentes.
1167 3749 1222 3806 Sed
1240 3763 1346 3820 nequa·

116 3837 179 3878 rum
196 3823 335 3881 curricula
347 3824 420 3880 sicut
439 3823 517 3896 prius
531 3831 638 3892 agaret,
652 3822 703 3878 sci·
754 3836 840 3892 quam
854 3819 929 3876 istud
942 3827 1119 3892 petromoso
1133 3817 1281 3890 unigenite
1292 3819 1344 3877 Fili

117 3891 182 3949 licet
198 3911 283 3951 unam
302 3896 471 3968 particulam
492 3895 528 3950 de
547 3895 656 3962 dorem,
675 3898 703 3950 et
756 3891 816 3960 llei,
832 3907 924 3962 neque
935 3893 1115 3966 experiamur
1125 3890 1304 3950 intolerabile
1314 3892 1343 3948 il·

118 3964 160 4021 sic
172 3981 226 4048 per
240 3975 336 4039 partes
357 3969 509 4036 evellercl3
523 3965 564 4023 ita
578 3965 654 4036 quod
672 3967 701 4021 in
754 3963 801 4020 lud
819 3963 1047 4036 horrendumque
1056 3962 1224 4036 supplicium
1238 3979 1245 4018 :
1257 3985 1267 4014 r
1281 3963 1343 4020 haec

118 4035 212 4094 decios
236 4039 364 4096 centonis
388 4039 513 4096 millibus
539 4039 621 4094 annis
645 4053 702 4094 nou
756 4037 974 4106 chrysostomus.
996 4035 1075 4092 Unde
1093 4041 1123 4091 et
1140 4037 1341 4118 Anqustinus:

118 4109 181 4181 plus
199 4109 406 4168 diminueretur
425 4108 568 4184 quantitas
589 4107 702 4179 lapidis,
756 4127 771 4160 u
790 4109 915 4192 Areqno
929 4106 978 4164 Dei
991 4105 1125 4178 exsulari,
1137 4123 1154 4164 a
1167 4105 1282 4163 civitate
1292 4105 1340 4163 [tei

117 4179 172 4238 nisi
192 4189 331 4254 quantum
346 4183 432 4240 habet
453 4186 481 4240 in
505 4179 703 4254 magnitudine
755 4179 885 4248 alienam,
907 4195 926 4238 a
944 4179 1003 4238 vita
1029 4179 1141 4248 cadere,
1161 4183 1220 4236 mm
1246 4177 1341 4250 gravis

117 4269 238 4324 manum
252 4255 337 4312 unius
348 4253 418 4311 milii
434 4272 441 4311 ι
458 4271 505 4326 en,
519 4254 589 4326 proh
604 4251 700 4310 dolori
755 4255 798 4308 est
810 4265 905 4334 poena,
913 4249 979 4310 utel
989 4251 1069 4308 nulla
1080 4249 1188 4323 possint
1199 4253 1342 4308 tormenta

117 4341 172 4382 nos
196 4325 294 4384 miseri
319 4327 440 4384 multum
464 4324 538 4400 grati
563 4337 701 4389 essemus,
794 4337 818 4379 ae
839 4339 982 4395 novimus,
994 4319 1164 4396 comparari.
1179 4341 1194 4373 n
1211 4318 1290 4400 liade
1312 4325 1341 4376 et

118 4395 196 4472 quod
217 4401 283 4472 post
305 4403 365 4460 tam
390 4399 507 4473 longam
532 4404 561 4455 et
586 4397 701 4470 plenam
795 4398 904 4465 eqorius
927 4397 1146 4456 Nazianzenus:
1168 4393 1247 4448 «llis
1270 4405 1339 4463 ergo

182 4493 251 4547 Vim
264 4496 555 4557 tamosissimam
569 4493 618 4546 lV.
1247 4488 1278 4541 20
