3124 5038
394 391 432 444 llE
462 389 611 446 suessio
640 389 772 456 siluro,
802 391 834 444 ll
862 391 1025 446 passibili·
1054 391 1180 445 bdlllltl.
1358 391 1402 444 tot

173 489 236 550 dies
252 495 405 558 [lominica
422 495 458 556 ad
474 511 560 570 quain
575 497 702 571 pertinet
713 496 758 555 in·
814 503 900 570 ponte
912 497 974 555 luca
984 497 1019 555 ad
1035 513 1180 568 occmum,
1191 497 1265 556 iacta
1277 503 1395 572 estnox,

172 564 323 638 telligitur.
341 572 374 626 Et
389 573 429 627 sic
445 577 509 628 sunt
524 577 584 628 tres
599 571 659 627 dies
678 573 759 626 natu·
814 569 898 626 etita
922 568 976 626 liiit
995 585 1068 626 unns
1087 569 1148 626 dies
1170 570 1318 640 naturalis,
1334 571 1396 630 diss

172 636 259 704 rales,
269 645 298 696 et
307 642 563 713 quaelibetnoctem
576 657 657 700 suain
670 642 758 700 babet
813 641 978 770 precedens
1005 655 1069 698 cum
1092 645 1175 700 nocte
1202 641 1342 714 sequenti.
1365 645 1397 700 ln

172 711 394 780 precedentem.
414 716 448 770 lit
471 717 541 771 tunc
563 719 689 772 mutatus
714 717 758 770 est

173 781 245 837 ordo
257 783 369 842 dierum
386 785 582 843 naturalium:
600 801 657 842 non
669 800 757 858 quan·
812 783 1000 843 tatioordinis
1010 783 1156 855 naturalis,
1167 790 1198 843 ut
1209 785 1400 844 scilicetoom·

172 855 235 909 tum
259 855 296 911 ad
320 856 449 915 ordinem
476 856 692 926 observationis,
706 857 757 914 sed
812 861 928 928 potetur
945 872 1001 914 noi
1015 857 1183 929 praecedens
1203 873 1267 915 cuin
1282 857 1329 915 die
1350 874 1396 915 se-

173 933 311 995 quantum
322 929 357 985 ad
368 929 499 986 ordinem
511 928 673 987 creationis.
686 930 756 986 Nam
812 929 910 1057 3⁰⁸⁰ss
927 944 978 1000 pro
994 926 1138 1001 mysterio,
1155 944 1212 986 nox
1232 945 1269 987 ue
1283 944 1396 1002 prace-

173 999 240 1052 ante
259 999 330 1056 ordo
351 1005 423 1070 erat,
439 1005 471 1057 ut
495 1000 557 1058 dies
580 999 757 1074 precederet
832 1005 862 1058 at
874 999 951 1062 disin
962 1017 971 1070 ;
989 1015 1023 1057 ac
1042 1015 1128 1072 super
1143 1001 1197 1058 boc
1232 1001 1394 1073 'caturinp-

172 1071 299 1139 noctem,
314 1070 381 1143 quia
396 1072 489 1144 primo
508 1077 605 1130 creata
619 1077 663 1130 est
681 1071 755 1142 diss,
811 1073 894 1130 stica:
911 1075 1008 1129 Erotis
1018 1075 1090 1128 enim
1103 1072 1257 1144 aliquando
1266 1072 1396 1142 tenebra,

173 1143 202 1194 et
217 1141 369 1200 subsecuta
391 1148 433 1201 est
460 1157 535 1212 noi;
555 1143 604 1200 sed
621 1143 756 1216 deinceps
810 1159 883 1201 nune
897 1149 989 1202 nutari
1003 1145 1054 1200 tuo
1066 1147 1096 1201 io
1110 1146 1245 1214 domium
1261 1151 1290 1202 et
1306 1159 1314 1201 i
1331 1147 1394 1205 boe

174 1208 294 1269 Creator
306 1219 469 1288 temporum
484 1215 562 1286 lecit,
577 1220 607 1272 nt
617 1229 755 1288 noxprae·
844 1218 958 1286 acuet,
969 1217 1028 1273 dtas
1042 1221 1133 1272 autem
1144 1219 1391 1289 appropinquavit.

173 1283 288 1341 cederet
303 1285 390 1356 diem,
404 1288 472 1359 quia
485 1303 541 1344 nor
553 1301 610 1360 qua
621 1286 754 1358 surrexit,
837 1303 890 1346 anc
904 1292 999 1345 autem
1014 1287 1266 1346 commutationem
1280 1295 1394 1346 natura·

173 1354 307 1426 adjuncta
319 1363 363 1415 est
377 1357 432 1416 diei
448 1373 505 1432 qua
517 1373 548 1416 se
561 1359 755 1417 ostenditdn-
810 1358 847 1416 lis
858 1358 1078 1432 computationis
1093 1359 1123 1416 in
1138 1358 1328 1428 artificialem,
1345 1375 1392 1417 uo·

173 1424 210 1482 de
224 1427 399 1498 duqusti‘iius
414 1449 423 1486 .·
439 1449 453 1483 n
470 1428 548 1488 sicut
569 1429 658 1502 primo
675 1445 754 1488 com-
810 1429 864 1488 luit
880 1430 1021 1488 Dominus
1037 1431 1226 1503 prefigurare
1247 1429 1278 1488 in
1301 1429 1392 1504 legiti-

172 1499 352 1569 putabuntur
364 1502 754 1575 diespropterbominiscon·
810 1501 880 1572 mis;
895 1502 1019 1576 ideoque
1029 1502 1165 1574 priscepit
1176 1503 1390 1562 observantiam

172 1569 224 1625 diti
240 1569 350 1644 lapsum
363 1589 381 1630 a
396 1573 458 1631 luce
473 1573 583 1645 gratis,
599 1574 628 1630 in
641 1579 752 1632 noctem
809 1575 932 1644 sabbati,
949 1579 979 1632 et
1002 1574 1136 1646 legalium
1159 1572 1254 1630 deria
1272 1589 1391 1646 vespera

173 1641 281 1713 cutpae3
299 1645 423 1702 itanunc
439 1651 557 1718 propter
571 1645 695 1703 bominis
706 1663 752 1704 re·
808 1644 838 1702 in
854 1661 1003 1719 vesperam
1024 1667 1030 1704 :
1050 1646 1141 1704 obsec
1166 1648 1262 1702 Petrus
1278 1646 1389 1727 Cantor.

171 1713 360 1784 parationem.
385 1731 437 1788 per
456 1716 620 1774 Passionem
643 1723 672 1774 et
696 1719 752 1776 Re·
807 1717 1056 1787 mucurisin
1075 1723 1130 1788 est,
1149 1717 1264 1789 quidam
1292 1716 1392 1774 dicunt

171 1788 378 1844 surrectionem
389 1787 504 1859 Christi,
520 1804 538 1846 a
553 1788 680 1846 tenebris
695 1791 752 1846 cul·
807 1789 881 1846 hanc
895 1789 1081 1848 mutationem
1096 1789 1201 1847 iactam
1211 1788 1242 1844 in
1254 1789 1390 1846 Parasce-

169 1871 215 1928 pae
232 1856 261 1914 in
281 1859 371 1916 lucem
387 1858 497 1931 gratiae,
514 1859 616 1917 merito
633 1875 749 1934 compu·
807 1861 853 1930 ie,
867 1865 899 1918 nt
913 1877 977 1928 uox.
993 1861 1102 1919 scilicet
1117 1859 1225 1934 quintia
1244 1858 1324 1918 leriae
1340 1860 1391 1918 iii-

169 1931 276 1986 tsntur.
293 1949 308 1981 u
327 1931 405 1989 Unde
420 1935 448 1987 et
460 1932 535 1988 Bedo
548 1949 585 1988 iii
602 1933 749 2017 Dominus²
807 1931 862 1989 erit
882 1931 967 1990 etiam
983 1935 1169 2002 Parascsies;
1189 1931 1238 1989 alii
1257 1930 1287 1988 in
1306 1937 1390 1989 nocte

170 2005 273 2057 auctor
289 2009 320 2059 et
337 2002 486 2060 ordinator
511 2009 681 2076 temporum,
702 2019 749 2077 qui
807 2003 1044 2074 Resurrectionis,
1055 2009 1087 2061 ut
1098 2019 1154 2060 nor
1170 2002 1220 2060 illa
1231 2004 1390 2060 communis

169 2070 200 2128 in
215 2071 315 2132 ultima
329 2074 421 2132 noctis
435 2076 519 2148 hujus
529 2081 607 2147 parte
617 2075 749 2149 surrexit,
806 2075 894 2133 luerit
909 2076 1039 2145 sabbato,
1054 2081 1083 2132 et
1093 2074 1152 2132 diei
1163 2073 1330 2141 Dominicse,
1341 2073 1390 2132 scd

169 2147 260 2201 totam
284 2161 359 2216 eam,
379 2146 514 2204 nimirum
542 2148 669 2220 ejusdem
689 2149 750 2206 lte-
805 2151 898 2204 totuin
921 2146 957 2203 ad
984 2161 1072 2204 unum
1097 2144 1189 2204 tendit
1213 2160 1330 2204 sensum
1359 2151 1388 2204 et

170 2216 357 2276 surrectionis
381 2218 455 2287 luce,
472 2219 601 2276 festinari
621 2225 649 2276 ct
668 2235 750 2278 coro·
805 2218 948 2276 ellectum.

169 2301 245 2344 scam
261 2289 365 2347 reddit.
383 2289 528 2361 Siquidem
553 2292 701 2364 bucusque
714 2293 750 2352 ab
841 2293 1021 2358 dlinscnusos
1035 2289 1146 2347 Cunisrr
1159 2305 1195 2346 ao
1209 2304 1324 2346 missos
1338 2304 1386 2346 su·

169 2361 285 2418 exordio
296 2362 446 2418 mundana
457 2361 620 2434 creationis,
634 2365 751 2422 itatem·
805 2379 905 2426 iosoos
917 2379 1031 2419 mouns.
1049 2391 1081 2403 -
1096 2361 1147 2418 llla
1161 2375 1230 2434 argo
1242 2361 1315 2418 bora
1329 2375 1386 2432 qua

170 2445 273 2502 porum
289 2433 749 2506 curansdistinguebantnrmtno-
805 2434 935 2492 Salvator
951 2430 1206 2502 noster,inclinsto
1215 2435 1319 2506 capite,
1329 2436 1384 2489 tra·

169 2505 244 2586 ciem
262 2505 323 2562 dies
338 2505 606 2588 precederet,jorta
619 2507 749 2565 ordinem
805 2505 876 2563 didit
890 2505 1031 2580 spiritum,
1047 2519 1167 2578 corpore
1181 2506 1211 2561 iu
1229 2504 1383 2588 cr'iioetde·

169 2574 302 2632 videlicet
319 2576 417 2646 primae
432 2577 613 2634 conditionis.
630 2579 687 2635 linc
699 2595 749 2637 eii-
805 2576 915 2647 relicto,
931 2577 1027 2635 anima
1045 2576 1130 2634 simul
1153 2591 1217 2634 cuni
1237 2576 1386 2634 divinitate

168 2649 225 2704 teni
244 2651 328 2704 nocte
355 2649 516 2720 temporum
532 2649 602 2706 ordo
625 2655 750 2708 mutatus
805 2650 841 2706 ad
856 2649 969 2707 inierna
981 2648 1131 2732 spolianda
1146 2647 1301 2706 descendit.
1316 2647 1385 2706 Com

169 2722 222 2788 est,
252 2734 303 2802 per
332 2720 498 2792 mysterium
525 2721 751 2780 Resurrectionis
805 2726 902 2779 auteni
929 2721 966 2778 ad
994 2722 1099 2778 inleros
1128 2719 1325 2790 descenderet,
1359 2723 1387 2776 st

836 712 948 770 assione
963 728 1031 770 iero
1057 711 1167 770 Domini
1187 713 1262 772 lacta
1276 719 1320 772 est
1337 729 1399 772 inu·

167 2789 333 2848 Dominicae.
349 2793 429 2862 Nam,
450 2791 517 2919 guia
535 2798 618 2850 nocte
637 2809 654 2850 a
672 2809 749 2851 mor·
805 2793 910 2850 chorus
931 2792 1078 2864 angelicus
1102 2797 1168 2849 ante
1196 2789 1299 2848 taciem
1326 2791 1388 2862 ejus

168 2860 224 2918 tuis
255 2862 419 2934 resurrexit,
468 2863 496 2921 ie
525 2879 593 2921 iero
619 2865 749 2936 sequenti
825 2869 900 2920 ortas
928 2865 1089 2935 principum
1118 2862 1180 2920 tolli
1205 2863 1385 2934 preciperet.

166 2933 292 3004 ejusdem
310 2934 535 2992 Resurrectionis
551 2936 682 2993 ellectum
699 2936 749 2992 di·
804 2879 973 2992 Eanctomm
989 2934 1111 3007 populus
1126 2936 1173 3006 qni
1189 2934 1342 3016 tenebatur
1355 2932 1385 2988 in

166 3003 284 3078 scipulis
299 3006 434 3078 ostendit,
455 3013 483 3063 et
502 3007 671 3080 participato
684 3023 747 3065 cnm
803 3012 896 3064 morte
910 3005 1047 3078 captivus,
1058 3021 1127 3063 iiocs
1141 3003 1315 3079 lacrymabili
1328 3003 1383 3061 cla·

166 3077 209 3134 sis
234 3077 362 3134 coniiiio
389 3076 537 3135 veritatem
555 3077 667 3135 virtutis
686 3079 747 3152 ejus
802 3079 923 3136 mabat:

166 3147 346 3219 mirantibus,
357 3150 443 3207 simul
462 3155 491 3208 et
509 3149 699 3222 gaudentibus
713 3165 746 3208 a·

166 3219 278 3291 struxit,
295 3221 452 3278 rectissime
466 3237 521 3278 nox
538 3221 587 3278 illa
602 3221 746 3294 sequentis
836 3221 985 3278 Aduenisti'
997 3221 1202 3290 desiderobdie,

165 3289 222 3348 diei
238 3291 295 3348 luci
309 3292 505 3366 conjungitur;
526 3309 559 3351 ac
573 3292 614 3350 sic
631 3297 746 3365 tempo·
837 3294 921 3362 Quem
931 3298 1121 3366 exspectamus
1132 3295 1163 3348 iu
1178 3290 1307 3360 teutria,

166 3379 230 3420 ruin
241 3363 311 3420 ordo
323 3369 445 3422 statutus
457 3369 549 3434 est,ut
560 3364 622 3422 dies
632 3371 745 3424 noctem
840 3368 875 3423 Ut
888 3365 1015 3422 educeres
1032 3366 1139 3422 uinctos
1154 3363 1188 3420 de
1202 3363 1344 3420 claustris.

166 3440 312 3507 sequatur.
328 3437 362 3492 lit
373 3435 488 3509 quidem
501 3435 645 3564 ifftissime
657 3453 746 3510 quon·
839 3439 875 3494 Te
887 3442 983 3494 nostro
994 3437 1129 3493 uocabant
1142 3437 1277 3506 empirica,

165 3505 304 3564 damnor
323 3509 497 3580 sequebatur
528 3508 597 3578 iem,
615 3510 683 3582 quia
696 3510 746 3567 bo·
839 3511 874 3566 Te
886 3511 967 3579 torpa
976 3509 1154 3581 requirebant
1169 3508 1302 3564 lomento.

164 3593 244 3636 moa
262 3578 324 3636 lnce
343 3578 466 3651 paradisi
485 3580 631 3652 peccando
648 3581 746 3654 lapsus
838 3583 879 3637 Tu
892 3596 955 3653 spes
969 3597 997 3638 os
1011 3579 1123 3652 effectus
1134 3578 1300 3652 desperetis,

164 3647 195 3706 in
209 3649 389 3708 bu‘iisseculi
399 3649 535 3708 tenebras
544 3667 745 3726 aerumnasque
837 3655 941 3722 itaquo
953 3655 1101 3710 comototin
1115 3653 1146 3708 iii
1156 3649 1310 3708 tormentis.

166 3721 247 3778 decid
260 3725 272 3778 t
280 3739 288 3790 ;
304 3720 452 3795 aptissima
465 3737 533 3780 iero
549 3739 624 3780 nunc
638 3722 746 3781 diesse-

165 3792 262 3920 fluitur
287 3799 411 3864 noctem,
439 3794 554 3866 quando
580 3809 632 3867 per
659 3795 744 3852 iidem
800 3793 856 3853 Sed
870 3793 935 3867 quis
953 3810 1005 3867 per
1019 3793 1133 3878 singule
1159 3791 1257 3852 dicere
1278 3792 1384 3876 istaut,

190 3863 402 3934 esurrectionis,
417 3881 435 3923 a
450 3863 557 3939 peccati
574 3863 702 3924 tenebris
715 3873 745 3924 et
800 3874 908 3940 quanta
935 3865 973 3923 ibi
993 3865 1094 3924 laetitia
1107 3865 1207 3935 luerit,
1222 3879 1288 3922 oum
1303 3864 1387 3922 Gliri·

163 3937 267 3994 umbra
278 3940 377 3994 inortis
388 3939 423 3994 ad
439 3937 530 3994 lucem
544 3936 620 4006 vitis,
632 3937 744 3996 Christo
800 3943 861 3996 stus
876 3938 922 3996 Sol
932 3936 1053 4011 justitia
1066 3938 1107 3995 eis
1123 3935 1272 4011 appariiit;
1290 3941 1319 3994 et
1334 3937 1386 3994 tia·

165 4006 315 4080 largiente,
337 4008 509 4068 reducimur.
531 4027 545 4061 ii
561 4009 639 4066 Unde
658 4011 744 4066 etiam
802 4009 958 4067 bitantibus
972 4009 1001 4066 in
1015 4011 1133 4083 regione
1145 4009 1254 4066 umbrae
1269 4009 1385 4077 mortis,

162 4081 261 4139 Petrus
281 4083 384 4138 Cantor
400 4099 408 4136 i
426 4101 441 4133 ii
461 4083 492 4138 ln
508 4081 625 4137 exordio
650 4081 744 4138 condi·
800 4082 849 4138 diii
868 4097 949 4138 noiae
978 4081 1049 4139 lucis
1076 4085 1238 4154 exspectata
1266 4077 1384 4136 claritas

163 4149 249 4208 tionis
272 4165 380 4216 rerum.
394 4157 575 4225 computatur
595 4151 658 4210 dies
680 4168 744 4210 cum
800 4152 946 4210 radiavit?
962 4155 997 4211 lit
1009 4152 1088 4211 stetit
1104 4153 1243 4212 Dominus
1262 4166 1327 4208 cuni
1342 4151 1384 4206 eis

162 4227 246 4280 nocte
259 4222 512 4296 sequenti,quiain
525 4223 746 4297 primariacrea·
800 4223 851 4294 ibi,
871 4230 900 4282 at
915 4230 983 4282 tuno
1001 4226 1118 4283 luerunt
1137 4225 1166 4282 in
1188 4221 1299 4296 gloriai
1316 4235 1383 4277 nam

162 4293 241 4352 lions
256 4309 353 4352 rerum
369 4295 515 4367 praecessit
534 4296 596 4352 dies
612 4301 741 4354 noctem:
800 4295 871 4354 visio
888 4298 949 4367 Dei,
964 4297 1091 4370 perlecta
1103 4299 1146 4353 est
1156 4294 1257 4377 gloria.
1268 4291 1382 4374 ‚ibidem

162 4365 254 4438 primo
266 4365 343 4426 enirn
356 4367 431 4422 iactu
446 4373 490 4424 est
500 4367 558 4441 lux,
570 4371 671 4440 postea
682 4383 744 4426 ver·
800 4367 853 4424 luit
867 4374 894 4425 et
909 4368 994 4438 latro,
1014 4367 1058 4426 ciii
1085 4369 1223 4425 Dominus
1247 4363 1357 4420 dixerat
1374 4377 1380 4418 :
