3104 5034
213 419 259 475 Μ
518 421 677 476 SECUNDAE
703 421 823 476 Pluris
850 418 953 474 clrt't
982 415 1122 468 lxxxiv

215 527 290 600 quod
304 527 375 600 ipse,
389 531 428 584 est
438 527 593 600 disciputus
607 529 713 600 itteqm'
725 531 801 584 testi·

215 591 598 672 moosompermletmms,et
610 603 723 672 scripsit
733 605 798 670 taam

215 677 242 728 rt
252 675 353 728 ammas
368 674 435 742 quta
448 689 542 728 aeram
556 677 597 728 est
615 675 800 728 testimonium

216 743 290 812 ajam
307 743 441 814 ponitque
456 741 653 800 conditionem
669 759 748 802 suam
765 743 801 800 de

171 829 174 836 ’
215 813 432 872 familiaritate:
449 813 517 887 quia
535 817 660 872 recoluit
678 821 708 871 tn
726 833 801 872 cinna

214 901 299 958 super
310 893 405 958 pectus
419 885 480 955 ejus
495 885 632 956 hominis,
645 895 674 943 et
695 887 801 942 idcirco

217 959 305 1014 mulla
320 961 431 1012 secreta
446 956 594 1024 didicerat,
611 959 685 1014 unde
698 957 801 1031 praedi-

216 1033 261 1084 cta
274 1029 439 1098 probantur,
455 1028 625 1086 undantium
645 1029 705 1100 ipse
720 1035 802 1086 nota·

218 1101 278 1155 rius
287 1099 469 1156 authenticus
479 1099 609 1156 redditur
618 1106 647 1156 et
656 1099 800 1157 olnmnis.

254 1189 284 1226 ra
308 1171 466 1226 Evaaoanm
491 1188 686 1228 coursnsnrun
716 1189 804 1228 scena

123 1241 125 1248 '
215 1243 310 1298 lacon.
322 1271 357 1283 -
367 1241 409 1297 nd
422 1243 495 1298 hanc
504 1249 612 1313 partem
621 1245 713 1300 Sacrae
727 1243 803 1300 Scri-

219 1319 309 1384 pturae
323 1311 543 1370 testimonialem
555 1321 584 1370 et
594 1313 803 1386 Evangelicam‚

217 1383 429 1442 ascendendum
445 1389 489 1441 est
504 1401 554 1456 por
571 1401 719 1444 ascensum
737 1403 804 1442 sca-

216 1454 305 1512 larem
325 1461 353 1514 et
369 1455 510 1516 coelioum.
527 1457 599 1514 Sunt
614 1458 690 1515 enim
705 1460 804 1514 Evan-

854 525 928 596 gelia
949 521 1026 580 scala
1041 523 1138 588 Jacob,
1153 524 1228 597 quia
1252 523 1295 582 eis
1320 522 1425 580 innititur

856 595 1003 662 Dominus,
1021 599 1050 650 el
1064 595 1102 652 ilii
1118 597 1268 668 reperitur
1278 614 1286 664 ;
1298 595 1384 665 ibique
1397 597 1425 650 ri·

855 666 1063 736 denturdngeli
1077 670 1284 736 ascendentes,
1293 673 1321 722 rt
1335 671 1429 722 descen

856 741 966 806 dentes,
981 739 1048 819 quia
1062 739 1157 795 divina
1171 755 1268 811 opera
1284 739 1381 810 quibus
1391 753 1429 818 ro·

856 812 908 869 luit
930 810 1012 866 nobis
1036 811 1286 873 condescendere,
1302 817 1331 866 et
1352 825 1397 864 nos
1410 825 1430 864 rn

856 883 958 940 c'oelum
974 883 1094 951 erigere,
1113 883 1152 940 ibi
1172 899 1229 952 prr
1246 880 1431 959 Evangelistas

856 953 937 1026 quasi
959 969 1010 1024 per
1035 970 1103 1010 vera
1130 961 1262 1026 quatuor
1288 953 1432 1018 Cherubin,

856 1025 1012 1082 secundum
1031 1031 1244 1095 Hieronymum,
1260 1025 1433 1106 disserantur.

858 1099 898 1154 De
912 1113 968 1168 quo
983 1113 1101 1157 ascensu
1123 1098 1177 1154 scri
1202 1105 1270 1156 tum
1286 1103 1332 1152 est
1350 1111 1376 1150 ln
1389 1094 1434 1150 de-

858 1168 920 1226 nesi
936 1186 943 1225 :
962 1172 1095 1242 viditque
1107 1114 1199 1251 Jacog
1213 1173 1248 1225 in
1268 1170 1372 1226 somno
1387 1181 1434 1220 scn-

859 1243 925 1305 ium,
942 1245 968 1296 et
984 1258 1111 1299 cacumen
1128 1257 1188 1312 epus
1205 1247 1332 1310 torpens
1347 1238 1435 1302 colun,

859 1313 980 1382 Ampelos
1006 1329 1114 1386 quoque
1142 1316 1191 1369 Dei
1220 1311 1435 1389 ascendenteset

859 1385 1050 1442 descendentes
1058 1401 1108 1457 per
1115 1401 1185 1450 enm,
1194 1389 1223 1441 et
1231 1386 1382 1440 Dominum
1395 1393 1435 1449 ips

866 1473 913 1510 sou
931 1457 1110 1514 laeinntxum.

763 1653 894 1712 ΟΗΑΤΙΟ

254 1793 374 1852 Domine
387 1798 456 1854 lesu
470 1795 590 1864 Christo,
609 1795 658 1868 qui
684 1813 737 1854 nos
762 1812 813 1924 per
836 1797 1009 1870 Scripturanl
1029 1802 1057 1854 et
1076 1797 1234 1854 doctrinam
1251 1792 1438 1866 Evangelican

217 1880 320 1923 vocare
336 1865 469 1938 dignatus
481 1883 512 1924 es
526 1869 561 1926 ad
577 1867 661 1925 fidem
678 1870 761 1926 rotho

774 1867 857 1938 icam,
874 1879 906 1926 ut
920 1871 1068 1926 credentes
1082 1869 1168 1926 vitam
1184 1869 1350 1926 habeamus
1367 1869 1437 1921 ater

219 1951 297 2004 nam,
317 1953 392 1994 nunc
411 1938 524 2010 quidem
547 1940 576 1996 in
592 1957 651 2013 spe,
668 1948 696 1998 et
712 1939 738 1996 in
758 1940 851 1996 luturo
870 1940 897 1996 in
912 1957 953 2010 re,
968 1948 998 1996 et
1012 1942 1066 1998 hoc
1089 1940 1117 1997 in
1138 1941 1257 1997 nomine
1275 1943 1381 2020 tuo,·et
1400 1949 1438 2014 per

219 2006 305 2064 tidem
324 2010 449 2067 nominis
466 2009 517 2080 tui,
535 2011 602 2083 quia
621 2029 676 2068 non
692 2011 768 2068 aliud
785 2027 885 2068 nomen
903 2017 946 2068 est
961 2013 1012 2068 suls
1028 2015 1098 2068 coelo
1114 2012 1210 2068 datum
1232 2011 1408 2074 lrominrbus,
1419 2019 1439 2058 m

218 2095 274 2152 quo
291 2087 422 2153 oporteat
440 2097 492 2138 nos
504 2084 598 2139 salvos
613 2083 674 2140 lleri
691 2103 699 2139 :
714 2087 816 2156 praesta
832 2083 901 2139 mihi
923 2083 1066 2139 immerito
1089 2088 1116 2138 ot
1141 2082 1271 2139 omnium
1291 2081 1399 2145 infimo,
1416 2079 1438 2130 ut

219 2151 305 2207 corde
319 2153 432 2210 credam
447 2154 483 2210 ad
497 2155 648 2226 justitiam,
664 2161 692 2212 et
706 2171 755 2210 ore
768 2153 906 2210 confitear
921 2155 956 2210 ad
972 2154 1144 2224 salutem,ac
1155 2169 1243 2226 opere
1254 2145 1438 2235 ostendenti

221 2221 285 2278 vitae
302 2224 425 2280 fructum
447 2230 475 2282 et
500 2226 662 2292 utilitatum,
679 2233 827 2298 quatenus,
845 2234 873 2282 te
893 2226 1057 2294 miserante,
1073 2227 1110 2282 ad
1129 2231 1245 2282 aeternae
1266 2221 1440 2283 beatitudinis

219 2291 339 2366 gloriam
360 2311 435 2352 nunc
451 2305 545 2354 mente
567 2298 716 2366 accendar,
735 2303 763 2355 et
784 2297 899 2355 tandem
923 2313 954 2354 re
982 2296 1043 2370 ipsa
1068 2296 1218 2370 pervenire
1238 2311 1364 2364 merear,
1383 2293 1439 2348 lesu

219 2364 317 2421 mundi
331 2366 464 2422 salvator.
481 2369 582 2425 Amen.

668 2733 806 2806 CAPUT
826 2735 995 2808 lxxxiv

701 2947 739 2990 DE
765 2945 964 2992 PENTECOSTE.

593 3105 711 3161 dotuum
731 3104 930 3178 Apostolorum
957 3121 1019 3178 cap.
1038 3107 1072 3163 ll.

260 3315 270 3350 ι
289 3293 436 3350 Paourssro
449 3295 573 3354 Semnus
583 3297 681 3354 Sauum
696 3315 807 3356 urrrnn·

220 3379 247 3420 nr
258 3381 495 3423 snrnrnnrnamso
505 3385 549 3424 nm
563 3369 763 3426 Psarrcosrns.
776 3403 805 3412 -

220 3435 351 3517 oisvero
367 3441 557 3506 Pentecostcs,
575 3438 655 3496 idest
669 3441 807 3524 quiuqua-

220 3523 328 3579 gesimo
348 3523 366 3565 a
383 3509 610 3580 Resurrectione,
629 3513 679 3568 sed
697 3515 807 3570 decima

219 3580 255 3636 ab
270 3580 446 3638 Ascensione
463 3581 587 3648 Domini,
602 3589 700 3639 narrat
710 3585 805 3640 Domi-

219 3665 274 3706 nus
286 3652 368 3709 tosus
383 3653 459 3710 Patri
477 3653 695 3726 promissionem
714 3671 805 3726 suam,

216 3735 302 3848 {uam
337 3723 483 3796 discipulis
510 3726 616 3782 fecorat
643 3727 678 3782 de
702 3726 806 3798 Spiritu

240 3797 324 3848 aneto
340 3794 489 3853 mittendo.
506 3799 590 3854 Patre
610 3813 678 3880 ergo
694 3803 807 3869 gratum

219 3861 273 3918 hoo
297 3862 431 3930 habente,
446 3867 561 3924 mittunt
586 3867 720 3942 Spiritum
736 3871 805 3927 San·

221 3937 342 4001 ctum‚ut
354 3935 390 3990 ad
405 3936 558 4009 discipulos
573 3941 735 4009 descendat,
748 3957 809 3998 eos·

220 4018 274 4075 que
290 4005 398 4074 repleat
414 4017 442 4062 et
460 4011 631 4079 consoletur,
646 4013 761 4068 roboret
775 4031 808 4068 uc

221 4077 353 4144 instruat,
370 4093 402 4132 ac
415 4081 557 4136 cumulum
575 4081 707 4138 ortulum
723 4090 808 4152 atque

218 4145 388 4220 gaudiorum
416 4148 458 4204 eis
483 4153 619 4206 conlorat.
653 4155 684 4208 Et
712 4155 807 4210 statim

219 4219 469 4292 paratusSpiritus
480 4221 600 4277 sam-rus
615 4224 708 4280 solito
719 4223 807 4294 spois,

218 4297 246 4348 et
263 4307 348 4364 super
367 4307 417 4349 eos
441 4292 597 4349 decondlt.
617 4313 629 4344 o
647 4295 808 4352 Notandum

219 4367 326 4434 autem,
345 4369 375 4422 ut
399 4365 439 4421 alt
461 4364 545 4431 Beda,
570 4366 645 4437 quod
671 4366 809 4426 Dominus

863 3301 945 3357 lesus
954 3299 1086 3356 eumdem
1096 3297 1231 3372 Spiritum
1241 3299 1380 3364 veritatis,
1393 3297 1440 3351 ett

863 3387 893 3427 se
908 3371 1078 3428 mittendum
1095 3387 1158 3428 esse
1175 3369 1314 3442 praedixit,
1331 3377 1439 3450 etcum·

863 3443 927 3499 dem
943 3459 1005 3498 mox
1020 3460 1037 3500 a
1055 3444 1138 3500 Patre
1153 3443 1306 3515 procedere
1325 3441 1439 3512 subpun-

863 3513 924 3584 pit:
941 3530 997 3570 non
1012 3514 1080 3586 quia
1095 3515 1168 3571 idem
1193 3513 1314 3588 Spiritus
1335 3512 1440 3591 aliteri

864 3587 948 3642 Patre
970 3586 1116 3658 procedat,
1133 3602 1217 3658 qnam
1234 3585 1334 3641 aFilio
1360 3585 1439 3640 mittr-

864 3663 919 3724 tur,
936 3667 984 3713 aut
997 3657 1054 3713 alio
1071 3665 1228 3728 tomporea
1244 3658 1327 3712 Patre
1342 3667 1438 3728 prore·

863 3729 921 3794 dat,
941 3743 1026 3797 quom
1043 3745 1106 3784 cum
1122 3744 1140 3785 a
1155 3727 1225 3784 Folo
1240 3727 1381 3793 mittitur;
1396 3719 1438 3780 sod

863 3799 928 3856 ideo
943 3800 1028 3856 Filius
1042 3815 1134 3856 cuma
1149 3816 1178 3856 se
1194 3799 1276 3864 mitti,
1291 3807 1320 3855 et
1334 3816 1351 3854 a
1365 3799 1438 3854 Patro

864 3871 932 3926 dicit
955 3871 1164 3942 procederent
1187 3872 1272 3927 aliam
1294 3869 1438 3938 l’atris,a-

865 3941 932 3998 liam
948 3959 1009 3999 esse
1029 3958 1109 3998 suam
1133 3957 1282 4011 personam
1306 3939 1438 4012 designat·

865 4023 950 4085 atque
961 4013 990 4069 in
1004 4013 1103 4070 eadem
1118 4012 1300 4070 distinctioni·
1310 4023 1436 4084 persona-

864 4101 926 4140 rum
943 4101 1029 4142 unam
1045 4101 1107 4142 esse
1123 4087 1329 4156 operationem,
1344 4099 1376 4140 ac
1392 4097 1438 4134 vo-

865 4156 1000 4211 luntatum
1017 4172 1097 4212 suam
1117 4173 1180 4212 cum
1197 4156 1289 4210 Patris
1303 4155 1438 4232 voluntate

864 4235 891 4283 et
911 4227 1076 4299 operatione
1098 4226 1255 4283 denuntiet.
1279 4227 1350 4282 Cum
1371 4235 1437 4302 cmm

865 4300 991 4369 ejusdem
1011 4298 1131 4370 Spiritus
1148 4297 1240 4370 gratie
1259 4297 1343 4354 datur
1359 4297 1438 4352 homi·

865 4370 959 4438 nilus,
984 4368 1106 4426 mittitur
1129 4369 1256 4442 prolecto
1282 4367 1402 4441 Spiritus
1424 4379 1437 4419 a
