3124 5038
195 373 346 439 QUOMODO
376 369 524 428 suuldus
552 371 720 426 lrrlnulr
748 369 877 425 DUOBUS
906 367 1113 430 ulscrrulls
1145 369 1176 422 tl
1204 371 1267 422 l'll.
1293 371 1339 422 ‘tar

605 683 745 756 CAPUT
771 683 904 754 LXXVl

277 885 420 940 0001000
433 885 566 932 uouluus
587 885 735 932 APPARUl'l'
756 885 874 932 DUOBUS
894 885 1057 931 ulsclruuls
1077 885 1106 930 lu
1122 887 1182 932 vlt.

590 1085 673 1142 Luca
691 1099 755 1158 cap.
775 1083 869 1142 lllllll.

157 1282 166 1315 1
187 1259 390 1314 Psassmnarro
410 1271 519 1312 uuonun
537 1271 694 1312 uiscerum-

126 1347 174 1386 nuu
199 1346 233 1386 su
259 1330 383 1386 Eunus.
398 1357 433 1368 -
445 1330 510 1398 lpse
538 1331 633 1385 autem
650 1327 696 1383 dte

122 1399 346 1460 Resurrectioois
361 1397 486 1466 Domini,
502 1415 560 1455 eece
584 1399 638 1456 duo
661 1413 696 1454 ca

122 1475 186 1538 tlle's,
201 1471 314 1528 scilieet
327 1470 508 1541 septuaginta
527 1470 639 1527 duobus
657 1469 698 1526 di·

122 1543 232 1616 scipulis
251 1545 326 1616 ejus,
346 1542 382 1600 de
400 1543 559 1600 Jerusalem
580 1541 698 1614 egressi,

118 1618 192 1673 iamet
210 1618 241 1672 tn
261 1616 407 1672 castellam
425 1617 533 1671 nomiae
555 1617 697 1678 Emmaus,

120 1688 192 1760 quod
207 1692 268 1744 eret
282 1687 320 1742 ab
336 1689 487 1743 Jerusalem
502 1689 533 1742 ire
542 1689 633 1757 spatio
644 1693 699 1742 ata·

118 1761 223 1816 darum
234 1761 397 1828 semanima,
412 1757 498 1815 idest
516 1761 624 1829 septem
640 1757 701 1814 mil·

118 1831 189 1889 libus
203 1832 372 1904 quingentis
387 1829 517 1902 passibus
536 1833 638 1884 contra
649 1830 701 1886 Oc·

119 1903 271 1962 ridentem.
286 1903 358 1961 Octo
373 1905 477 1975 quippe
491 1899 583 1958 stadia
593 1899 701 1958 iaciunt

120 1975 240 2033 milliare
260 1989 366 2044 unum3
387 1979 416 2030 et
446 1971 488 2030 sie
513 1971 638 2029 distabat
663 1975 700 2028 ab

119 2047 277 2104 Jerusalem
304 2061 357 2118 per
383 2049 495 2117 septem
515 2043 650 2101 milliaria
673 2050 701 2100 et

118 2118 280 2188 dimidium,
298 2133 422 2189 quorum
444 2117 512 2185 duo,
529 2115 572 2172 vel
597 2131 701 2173 secuu-

118 2191 186 2247 dum
211 2189 374 2262 quosdam,
395 2187 452 2246 tria
478 2187 586 2245 iaciunt
614 2203 702 2244 unam

119 2261 240 2320 leucam.
256 2263 349 2319 Unius
362 2263 481 2318 istorum
496 2259 636 2328 duorum,
651 2275 701 2314 no-

116 2349 182 2391 men
202 2330 344 2406 exprimit
359 2334 458 2400 Lucas,
473 2346 538 2388 cum
553 2330 623 2386 dicit
640 2347 646 2385 :
671 2333 703 2386 le’t

115 2407 288 2478 respondeas
303 2407 438 2474 enumeret
447 2418 543 2458 nomen
555 2403 701 2474 Gleopbaer

118 2475 238 2534 alterins
252 2491 326 2533 vero
342 2491 448 2532 nomeu
461 2481 536 2530 tacet
549 2489 635 2531 causa
651 2475 702 2529 liu·

115 2548 257 2618 militatis,
267 2549 350 2620 quia,
359 2545 517 2604 seeundum
531 2545 703 2616 arepertum,

114 2622 242 2678 ereditur
265 2617 356 2675 luisse
381 2619 441 2688 ipse
464 2619 565 2685 Lucas,
582 2616 643 2684 sed,
658 2631 704 2672 se·

114 2692 241 2750 cundum
266 2691 458 2750 Ambrosium.
478 2693 597 2760 putatur
619 2687 704 2744 luisse

114 2767 216 2831 Arnon,
235 2764 320 2820 filius
333 2761 408 2818 nun.
421 2764 457 2817 ur
471 2762 537 2832 ipsi,
555 2760 637 2831 quasi
654 2759 704 2815 do·

115 2835 222 2908 sperati
249 2835 289 2892 do
307 2835 393 2902 lesu,
409 2832 591 2902 loquebantur
610 2831 648 2886 od
661 2834 706 2886 in-

113 2911 200 2964 eteem
211 2907 249 2964 de
265 2907 314 2963 be's
328 2905 453 2961 omnibus
463 2919 523 2976 aaa
536 2903 705 2966 acciderant,

115 2979 226 3036 seilicet
257 2980 296 3034 de
324 2975 414 3048 ipsius
438 2973 708 3032 conversationem

114 3056 227 3121 morta;
244 3048 405 3120 tristesque
423 3046 545 3104 maxime
560 3046 708 3114 dolebant,

113 3122 181 3194 quia
198 3135 270 3179 eum
295 3118 360 3176 siue
380 3119 474 3190 eulpa,
492 3123 521 3175 et
543 3117 710 3175 iunocenter

113 3195 244 3251 occisum
257 3196 412 3249 noverant.
422 3194 460 3248 Et
468 3193 575 3260 [aetem
584 3194 635 3258 cet,
644 3190 709 3246 dum

111 3265 335 3333 salamandra,
350 3268 377 3319 et
394 3277 485 3320 secam
505 3266 666 3345 quererent,
682 3266 708 3318 et

112 3341 173 3409 ipse
188 3335 341 3395 Dominus
354 3337 434 3392 laeua
453 3339 542 3404 veuit,
558 3338 587 3390 et
603 3349 707 3406 oppro-

110 3412 265 3482 pinguem
282 3405 381 3481 J'uuxit
400 3422 431 3464 se
447 3405 505 3463 illis
519 3405 628 3462 seilicet
643 3419 706 3463 eor·

113 3480 260 3554 poraliler
275 3484 309 3537 et
324 3477 519 3552 spiritualiter,
531 3477 632 3558 stabat
645 3493 706 3533 eam

111 3557 162 3623 ets,
179 3564 341 3626 umquam
356 3548 451 3607 socius
476 3548 597 3618 itineris,
616 3549 704 3606 inter·

110 3639 220 3699 rogans
238 3629 272 3682 st
292 3621 483 3694 respondeus,
503 3637 537 3680 ae
555 3621 643 3677 rerba
658 3635 704 3677 se·

110 3696 208 3754 lubria
223 3709 298 3753 cum
314 3693 384 3766 ipsis
398 3693 564 3750 conlerrens
583 3709 590 3748 ι
607 3695 649 3762 ut,
663 3707 706 3748 se-

110 3769 243 3826 cundum
264 3767 384 3834 Bedom,
399 3764 487 3822 lldem
512 3779 572 3820 sum
600 3765 705 3821 Resur-

110 3839 258 3899 rectionis
277 3837 426 3894 mentibus
442 3851 543 3894 eorum
556 3834 704 3904 insereret;

110 3917 139 3968 et
154 3911 239 3985 quod
255 3926 291 3967 se
310 3909 449 3966 iacturum
463 3907 642 3980 promiserat,
655 3906 706 3962 im·

107 3983 216 4057 pleret,
247 3977 387 4039 scilieet:
411 3981 464 4038 Ubi
490 3985 555 4036 auat
582 3979 636 4034 duo
664 3979 707 4034 eet

109 4061 166 4114 tres
185 4059 221 4112 in
251 4055 370 4109 nornine
396 4067 454 4108 meo
481 4052 652 4120 congregati,
667 4051 708 4106 ibt

106 4143 170 4184 snm
185 4130 220 4183 ia
235 4123 336 4182 medio
351 4139 454 4180 eoram.
472 4125 503 4178 ln
518 4121 580 4195 ipso
592 4121 666 4190 loco,
678 4121 707 4178 in

126 4217 164 4258 uo
176 4215 211 4257 se
223 4196 273 4255 ais
282 4195 392 4278 junxit,
406 4199 504 4268 postea
514 4194 624 4266 capella
633 4194 709 4250 lacta

105 4216 172 4328 fluit.
190 4273 229 4328 ut
238 4283 319 4342 quea
328 4265 408 4325 intus
421 4265 451 4323 ia
464 4265 709 4324 cordellominum

108 4343 271 4411 amount,
287 4337 342 4396 sed
356 4337 393 4396 da
416 4339 477 4411 ejus
490 4336 709 4396 Resurrectioue

761 1255 939 1324 dubitabant,
950 1255 1014 1314 ideo
1027 1254 1163 1313 Dominus
1174 1255 1218 1312 eis
1230 1255 1301 1313 ioris
1311 1254 1341 1314 iu

761 1329 1053 1400 corporeapparebat,
1062 1328 1113 1384 sed
1123 1328 1189 1399 quis
1198 1335 1274 1384 esset
1283 1343 1339 1384 noo

761 1401 964 1469 agnoscebant.
983 1401 1040 1456 lloe
1051 1400 1129 1471 apud
1140 1415 1189 1456 eos
1202 1401 1344 1470 agebatur

762 1469 830 1528 loris
846 1470 873 1526 in
889 1471 980 1527 oeulis
996 1470 1133 1542 corporis,
1148 1473 1224 1542 quod
1238 1472 1342 1542 ageba·

763 1548 807 1599 tur
821 1541 941 1599 immin
955 1542 1044 1599 oculis
1059 1543 1162 1598 cordis.
1179 1542 1252 1610 Quia
1264 1541 1341 1600 anim

762 1617 907 1683 amabant,
924 1613 1073 1682 videbant3
1089 1615 1157 1685 quia
1174 1630 1241 1671 vero
1255 1613 1340 1671 dubi-

763 1688 871 1756 tabant,
878 1685 1186 1758 eumquemvidebaut,
1194 1701 1343 1758 nernagno·

763 1761 889 1816 scebant.
900 1760 931 1814 ut
939 1759 993 1814 hoc
1003 1763 1047 1815 est
1055 1758 1132 1830 quod
1140 1757 1208 1815 dicit
1218 1759 1342 1832 Erange

763 1831 849 1888 lista:
866 1830 945 1887 Orati
960 1835 1051 1886 eutem
1064 1833 1342 1901 eoramtenebaetur,

763 1917 797 1959 aa
808 1917 869 1958 eum
881 1907 1067 1970 agnoscerent,
1079 1901 1146 1973 quia
1158 1901 1343 1961 incredulitas

764 1988 864 2032 eorum
877 1973 1258 2044 etdubietasdemerebatur,
1267 1976 1343 2046 quod

765 2047 893 2104 Christus
908 2043 1099 2116 coguitionem
1111 2044 1155 2102 sui
1169 2047 1297 2118 eorporis
1306 2048 1343 2104 ab

765 2119 806 2175 eis
822 2115 991 2173 retardaret.
1007 2117 1188 2173 Tenebantur
1202 2118 1276 2175 oculi
1294 2133 1342 2175 ao·

766 2203 829 2246 rum
841 2187 972 2255 veritate,
988 2203 1047 2243 non
1057 2187 1191 2258 salsitate,
1206 2190 1257 2247 sed
1272 2190 1343 2264 ipsis

767 2276 824 2317 non
849 2258 1010 2316 valentibus
1039 2258 1187 2318 veritatem
1216 2265 1344 2334 racipere

768 2332 809 2388 rel
828 2333 984 2404 percipere,
1000 2331 1076 2388 uude
1093 2347 1151 2388 uon
1165 2333 1201 2389 ab
1214 2333 1277 2404 lpso
1290 2337 1346 2392 llo·

767 2403 845 2460 mino
863 2405 943 2472 lesu,
963 2404 1014 2459 sed
1038 2407 1154 2474 propria
1169 2403 1347 2464 dubitatione

768 2475 948 2532 tenebantur.
964 2473 1016 2531 Ubi
1030 2475 1225 2544 Augustinus:
1240 2497 1254 2532 a
1266 2479 1347 2546 Quod

767 2551 863 2604 autem
878 2546 918 2603 ait
937 2545 1048 2603 llarcus
1070 2545 1111 2604 eis
1134 2546 1164 2604 iu
1178 2547 1235 2606 alia
1254 2549 1300 2607 elil
1323 2549 1349 2608 ie

768 2617 920 2702 [lominum
934 2617 1111 2700 apparuisse,
1126 2620 1183 2677 hoc
1198 2623 1286 2678 Lucas
1298 2565 1345 2679 gi·

769 2695 818 2760 ert,
834 2689 911 2762 quod
925 2691 999 2746 oculi
1012 2707 1112 2748 eorum
1126 2694 1298 2750 tenebantur
1311 2711 1346 2750 ne

769 2777 835 2820 eum
851 2767 1059 2834 agnoscerent:
1076 2763 1166 2818 oculis
1180 2763 1283 2846 quippe
1299 2783 1347 2822 eo·

770 2849 833 2890 rum
847 2831 991 2889 acciderat
1004 2829 1123 2905 aliquid,
1139 2836 1214 2905 quod
1231 2843 1272 2892 na
1288 2853 1346 2892 ma·

771 2920 839 2987 uere
858 2902 1028 2986 permissum
1047 2909 1100 2974 est,
1122 2921 1210 2987 usque
1230 2908 1266 2963 ad
1286 2907 1349 2965 lra-

772 2985 894 3034 ctrouam
925 2989 1015 3046 panis.
1041 2977 1103 3032 Nou
1123 2993 1188 3048 quia
1214 2979 1351 3037 Dominus
1378 2981 1381 2988 ⁴

773 3062 832 3104 nou
859 3049 973 3120 poterat
1000 3047 1203 3106 transformare
1232 3067 1349 3108 caruem

772 3133 862 3188 suam,
882 3117 988 3175 utalia
1011 3133 1111 3176 revera
1136 3126 1212 3178 esset
1238 3121 1349 3195 efligies

772 3206 859 3265 quam
874 3189 1006 3248 solebant
1018 3189 1125 3247 intueri
1137 3208 1144 3260 ;
1161 3193 1211 3248 sad
1235 3193 1349 3251 nonita

771 3268 815 3321 est
833 3262 940 3320 laetum
958 3278 965 3318 ι
981 3281 995 3316 n
1012 3261 1074 3319 base
1092 3263 1278 3332 ammanus.

808 3353 822 3391 a
839 3335 874 3392 Sa
890 3351 957 3390 rrsra
968 3351 1087 3392 annosus
1098 3337 1222 3393 Derisus
1239 3353 1289 3394 sos
1302 3353 1354 3394 au·

771 3423 915 3470 eoomrun.
925 3435 960 3447 -
973 3409 1010 3464 Et
1020 3410 1062 3462 eit
1077 3407 1210 3464 edittae:
1224 3409 1355 3477 Quicum

771 3480 801 3534 bt
811 3493 946 3535 sermome
963 3493 1031 3550 paor
1042 3481 1174 3546 eonsertts
1187 3481 1226 3536 od
1238 3481 1356 3537 tualeam

769 3551 952 3615 ambulantes,
964 3555 990 3606 et
1002 3552 1068 3605 astte
1082 3549 1195 3610 tristes?
1206 3553 1268 3609 Non
1276 3567 1355 3624 qum·

769 3621 807 3678 rit
829 3637 863 3678 ax
891 3621 1060 3694 ignorantia,
1080 3621 1131 3678 sed
1152 3627 1184 3679 ut
1207 3639 1241 3680 ex
1257 3639 1356 3682 eorum

768 3692 953 3764 responsione
968 3691 1153 3750 incredulitas
1167 3709 1267 3752 eorum
1282 3711 1356 3753 eou-

769 3763 929 3822 veuieutius
951 3768 1097 3835 arguatur,
1112 3764 1185 3822 sieut
1201 3765 1271 3824 dicit
1288 3767 1357 3826 dre·

769 3839 873 3906 portas.
890 3835 1081 3893 conserebant
1099 3837 1214 3909 quidem
1231 3839 1308 3897 inter
1324 3855 1356 3897 se

770 3907 851 3980 quasl
867 3907 1053 3979 oonamplius
1067 3914 1264 3982 exspectantes
1275 3909 1355 3968 Chri·

770 3985 845 4037 stum
860 3978 1012 4048 viventem,
1029 3979 1080 4036 sad
1097 3984 1193 4039 tameo
1210 3981 1346 4050 dolorosi,

770 4050 851 4180 guasi
865 4056 1013 4123 perempto
1024 4052 1182 4110 Salvatore.
1195 4055 1231 4111 at
1240 4069 1349 4124 respon·

793 4139 840 4180 ear
858 4139 939 4193 mem,
954 4125 1000 4194 eet
1013 4139 1110 4181 nomm
1129 4127 1260 4196 dtaopboe
1274 4125 1352 4181 aaa

775 4197 815 4252 m':
824 4196 1351 4267 Tusotmpereprtaaaese'nlerueetem,

773 4271 799 4324 et
828 4281 883 4324 aon
900 4269 1055 4337 eopaoutstt
1072 4283 1135 4352 que
1157 4270 1236 4336 {aete
1248 4271 1315 4324 amat
1331 4267 1364 4324 t're

774 4339 838 4404 illa,
853 4340 897 4394 lats
913 4338 1035 4395 dubus?
1050 4339 1111 4408 llic,
1127 4340 1212 4410 eolus,
1225 4351 1282 4396 uon
1296 4335 1365 4396 iacit
