3104 5034
318 435 357 486 ull
384 435 634 495 issoltl‘iluili.
664 435 703 490 ΕΤ
730 441 838 494 titini
867 438 980 493 nstin
1009 435 1174 490 t'lliulillS.

123 537 240 664 gloria,
261 553 325 610 quae
348 543 460 596 tantum
485 541 580 598 decuit
605 541 728 600 Filium?

150 609 240 666 elicia
253 625 372 681 prorsus
386 611 485 668 oscula
494 611 578 668 labiis
588 612 726 685 impressa

123 680 279 750 lactentis,
296 681 341 737 cui
356 680 485 753 uirgineo
501 685 592 740 Mater
606 687 725 757 applau-

120 751 220 808 debat
246 751 275 808 in
296 752 424 824 gremiol
451 757 566 824 l'erum,
586 757 726 828 numquid

122 838 193 879 non
209 821 336 879 feliciora
346 825 532 894 censebimus,
548 843 612 898 qua
627 829 663 885 ab
677 845 725 886 ore

126 895 263 950 sedentis
282 893 311 950 in
327 895 443 952 dextera
467 897 559 953 Patris
585 899 670 956 bodie
697 899 725 956 in

124 965 219 1022 beata
227 964 400 1022 salutatione
412 983 493 1024 susce
515 969 619 1032 iteum
630 985 726 1028 ascen·

125 1036 216 1092 deret
245 1036 281 1094 ad
310 1038 445 1095 thronum
472 984 581 1111 gssriae,
613 1043 725 1114 epitha-

126 1107 241 1164 lamum
262 1123 369 1166 canens
389 1115 418 1166 et
437 1109 559 1169 dicens:
580 1113 726 1170 Osculetur

126 1195 175 1235 me
190 1181 282 1236 osculo
295 1183 352 1235 oris
369 1183 435 1236 sui?
448 1181 552 1239 Christi
567 1186 725 1255 generatio·

133 1265 216 1320 nem,
237 1255 265 1308 et
288 1249 385 1308 Mariae
408 1254 641 1324 assumptionem,
662 1256 725 1327 quis

131 1321 303 1380 enarrabit?
327 1323 469 1390 Quantum
484 1324 560 1382 enim
580 1326 680 1398 gratiae
695 1326 723 1384 in

129 1392 221 1450 terris
240 1401 284 1450 est
307 1393 412 1466 adepta
435 1410 494 1466 prae
514 1396 642 1468 caeteris;
661 1405 723 1456 tan-

130 1469 196 1521 tum
210 1470 238 1521 ct
252 1463 280 1521 in
297 1463 377 1521 coelis
392 1465 503 1524 obtinet
514 1468 613 1539 gloriae
629 1467 723 1541 singu·

132 1535 215 1593 laris.
240 1535 364 1604 Quodsi
389 1539 483 1594 oculus
507 1556 560 1596 non
575 1542 659 1610 uidit,
677 1559 724 1598 nec

133 1611 217 1664 oriris
232 1609 354 1677 audiuit,
372 1625 420 1665 nec
437 1613 467 1666 in
486 1627 532 1667 cor
552 1612 672 1670 bominis
693 1631 724 1668 u·

133 1679 253 1748 scandit,
270 1695 331 1750 pita
342 1685 514 1752 properauit
525 1685 596 1739 lieris
613 1687 659 1752 its,
676 1687 726 1755 qni·

136 1750 263 1820 diligunt
277 1751 378 1818 illum;
400 1753 476 1879 guod
490 1769 549 1826 prae
571 1754 662 1811 aravit
676 1756 724 1826 gi-

137 1820 236 1892 gnenti
250 1839 290 1890 sc,
305 1826 397 1894 eiquo
430 1770 606 1882 deomnissus
616 1831 724 1884 certum

137 1897 192 1960 est,
208 1892 336 1964 diligenti
353 1910 384 1950 se
404 1909 464 1966 prae
490 1899 632 1966 omnibus,
660 1897 725 1969 quis

138 1964 293 2034 loquetur?
312 1964 387 2020 Felix
405 1967 488 2047 [ilaue
507 1967 594 2024 ilarii
607 1974 635 2025 et
652 1970 723 2025 mul-

137 2034 275 2106 tipliciter
293 2035 370 2107 leliii,
389 2053 447 2094 sire
462 2054 525 2096 cum
546 2038 649 2112 excipit
663 2040 724 2097 Sal-

138 2111 276 2176 vatorem,
291 2105 349 2164 sire
364 2123 429 2164 eum
443 2125 460 2165 a
476 2109 621 2168 Salvatore
637 2113 723 2168 susci·

135 2177 229 2250 piturl
247 2198 261 2228 »
280 2178 342 2236 baec
355 2181 522 2239 bernardus.
541 2183 620 2238 Undc
637 2182 723 2240 eliam

136 2248 178 2306 sic
198 2247 239 2306 ait
257 2249 405 2306 Ancelmue
431 2269 438 2307 ι
465 2273 479 2302 a
507 2253 576 2311 Cum
596 2253 723 2312 cbristus

139 2321 257 2377 ldatrem
277 2323 306 2378 in
326 2337 447 2394 regnum
467 2339 548 2382 suuni
565 2341 721 2394 assumere,

138 2397 166 2448 ct
185 2391 210 2449 ei
230 2391 475 2462 magnificentiam
502 2395 601 2469 gloriar
622 2396 720 2453 decre·

138 2463 397 2535 vissetostenderc,
412 2467 501 2539 cnjus,
520 2469 722 2540 precorpligni-

138 2536 204 2592 tatis
219 2539 248 2590 et
261 2535 380 2593 honoris
394 2537 579 2610 apparatibus
590 2538 720 2596 intende·

139 2607 196 2689 bat,
211 2611 272 2662 tota
296 2607 376 2666 curia
400 2610 600 2692 Angelorum?
616 2609 722 2679 Quibus

138 2677 252 2734 vocibus
278 2679 485 2752 exsultationis,
505 2687 592 2754 atque
622 2680 721 2738 salutis

138 2749 309 2832 resonabant
324 2749 456 2809 universa
471 2753 656 2810 tabernacula
670 2769 720 2810 an-

139 2825 280 2893 bquorum
291 2823 419 2890 Patrem,
431 2822 484 2896 ipsi
495 2825 581 2882 curiae
594 2829 660 2880 tunc
671 2841 721 2880 nu·

138 2907 188 2964 pcr
202 2891 430 2951 associatorum?
448 2897 529 2953 Certe
551 2895 720 2953 crediderim

140 2979 237 3020 omnes
263 2961 341 3020 illins
366 2967 466 3048 patria
482 2969 557 3023 cives
584 2965 721 3023 festiviori

141 3035 232 3102 solito,
253 3039 281 3091 et
300 3036 473 3094 sublimioris
492 3037 603 3094 decoris
629 3037 722 3094 nitore

140 3107 173 3164 ad
188 3105 341 3163 adventum
354 3109 451 3166 llatris
466 3108 577 3166 Domini
591 3110 632 3166 sui
666 3125 720 3165 rre-

141 3176 245 3260 parari,
259 3193 294 3234 ac
309 3194 383 3236 nova
408 3180 531 3252 quadam
546 3187 574 3237 et
585 3181 630 3236 ine
654 3179 721 3236 abili

138 3246 323 3322 iucunditatis
351 3255 455 3324 gratia,
482 3267 534 3335 pro
561 3257 649 3308 tantm
680 3249 722 3308 rei

143 3319 349 3392 exspectatione
376 3323 561 3396 conjubilare.
586 3325 620 3380 Et
641 3321 722 3395 quid,

142 3389 296 3448 nimirum?
307 3395 370 3465 lpse
385 3395 478 3464 iesus,
494 3397 568 3453 Deus
582 3400 612 3452 et
626 3392 723 3452 Domi·

142 3478 193 3544 nus
206 3465 344 3544 omniurn,
358 3465 445 3523 Filius
457 3465 546 3537 ipsius
556 3465 722 3523 castissimae

143 3535 275 3604 Virginis,
295 3539 324 3591 et
343 3537 470 3594 Dominae
492 3555 597 3608 rorum,
614 3537 675 3610 ipse
698 3535 723 3593 ei

144 3604 213 3662 sieut
223 3603 314 3662 unicae
329 3623 388 3664 suae
402 3608 497 3678 Matri,
510 3614 587 3666 totus
606 3609 724 3665 lestinis

143 3691 289 3756 occurrere
314 3679 437 3746 volebat,
455 3695 490 3736 ne
515 3685 544 3736 ct
563 3679 668 3752 aliquis
689 3679 724 3736 dc

143 3747 326 3806 familiaribus
350 3753 408 3808 suis
437 3767 467 3808 se
491 3766 509 3808 a
536 3749 608 3806 tanti
628 3749 724 3823 gaudii

144 3818 332 3900 immensitate
346 3823 536 3880 subtraberet.
553 3821 653 3894 Utique
667 3837 725 3876 mo·

145 3905 180 3946 ns
200 3895 274 3946 inter
285 3892 416 3950 homiues
429 3910 490 3950 esse
509 3892 606 3962 scitur,
621 3907 725 3950 uuum·

147 3963 727 4042 quemquebonumseriumcujusquello·

145 4047 214 4113 inim
235 4036 431 4108 prepotentis,
454 4053 487 4094 eo
502 4035 602 4107 maiori
624 4033 727 4106 gaudio

144 4118 169 4158 in
184 4103 309 4163 adventu
332 4107 417 4165 amici
432 4108 476 4166 sui
498 4107 649 4174 exsultare,
671 4121 727 4177 quo

146 4173 236 4246 ipsum
256 4177 403 4262 dominppn
423 4195 504 4238 suurn
520 4177 666 4251 cognoscit
675 4177 725 4234 ad·

146 4251 533 4324 tentantemamicummagis
547 4249 728 4330 amaracum

145 4333 207 4374 iero
233 4319 271 4376 de
297 4321 421 4380 adventu
447 4329 599 4396 parentum
619 4319 727 4379 domini

146 4387 185 4446 sui
206 4390 312 4463 agitur,
332 4393 369 4452 de
387 4410 509 4468 quorum
527 4392 641 4467 speciali
657 4391 727 4448 dile·

235 4487 302 4540 Viri
315 4489 380 4542 iesu
392 4489 510 4548 Cunissa,
524 4503 609 4544 soniis
619 4489 667 4540 iti.

1319 440 1365 492 ltu

781 545 875 602 ctione
896 543 991 599 nullus
1010 541 1067 598 ulla
1085 539 1261 600 dubitatione
1281 550 1363 602 tene-

780 623 837 678 tur.
862 615 908 671 ille
933 613 1067 670 nimirum
1090 612 1182 682 magis
1201 612 1312 674 felicem
1331 633 1362 672 se

781 684 970 756 aestimat,qui
981 683 1081 756 majori
1093 683 1185 755 jubilo
1200 691 1228 741 et
1243 685 1363 744 festivio-

780 759 805 814 ri
826 774 943 814 occursu
967 755 1072 812 laetitiae
1098 755 1179 812 l'rena
1201 755 1318 814 relaxat.
1335 757 1363 815 Si

780 846 849 900 ergo
858 830 919 885 liaec
929 827 968 884 ita
975 843 1005 884 se
1015 827 1123 883 liabent
1135 827 1210 898 apud
1223 827 1365 900 homines,

780 899 883 972 quibus
896 900 919 956 si
939 915 996 971 qua
1016 897 1128 954 bonitas
1149 903 1203 968 est,
1225 898 1308 972 longe
1322 907 1366 958 ta-

779 988 845 1029 men
859 984 1047 1044 supernorum
1058 967 1161 1025 civium
1176 967 1296 1027 bonitati
1313 972 1366 1027 im·

779 1059 831 1116 par
841 1048 895 1113 est,
907 1041 1116 1113 contempletur
1127 1038 1234 1121 animo,
1247 1043 1295 1112 qui
1309 1047 1368 1112 pot-

780 1121 833 1184 cst,
847 1130 903 1186 quo
917 1111 1032 1186 gaudio,
1048 1127 1104 1182 qua
1119 1111 1283 1182 testivitate,
1298 1115 1367 1185 qui-

780 1186 833 1243 bus
847 1183 1032 1242 concentibus
1043 1181 1169 1255 jubilant
1183 1199 1284 1240 omnes
1296 1185 1364 1242 bea-

779 1261 874 1313 torum
896 1255 1045 1328 spirituum
1065 1252 1191 1335 ordines,
1207 1255 1321 1327 quando
1335 1263 1364 1314 et

779 1328 893 1385 unicam
907 1331 1031 1384 matrem
1042 1323 1154 1382 Domini
1166 1323 1209 1382 sui
1226 1326 1363 1384 adventa·

779 1415 821 1468 re,
838 1405 866 1456 et
888 1397 980 1471 ipsum
1003 1395 1157 1455 Dominum
1174 1397 1264 1454 Duum
1279 1413 1364 1456 suum

779 1470 805 1527 ei
820 1470 953 1527 videbant
972 1469 1050 1526 omni
1066 1466 1158 1538 gloria
1172 1483 1224 1524 sua
1243 1469 1368 1526 decora-

780 1546 840 1598 tum
856 1541 928 1598 nelle
945 1537 1254 1619 occurrei·e.·Stipatus
1270 1539 1367 1612 itaque

780 1611 858 1669 mille
872 1611 1006 1680 millibus,
1032 1612 1088 1666 imo
1111 1609 1365 1668 innumerabilium

779 1683 953 1754 Angelorum
981 1680 1165 1754 agminibus,
1198 1681 1274 1737 Deus
1305 1679 1366 1752 ipse

779 1755 845 1811 huic
860 1753 996 1837 piissima
1012 1752 1094 1832 llatri
1109 1767 1167 1808 suae
1182 1751 1367 1809 debocmun·

780 1826 816 1883 do
831 1827 966 1898 migranti
986 1828 1119 1886 occurrit.
1142 1839 1261 1895 eamque
1283 1840 1367 1896 super

780 1913 880 1954 omnes
906 1899 993 1954 ciclos
1014 1895 1176 1958 exaltatam,
1195 1901 1304 1952 cunctae
1321 1912 1365 1952 se-

780 1986 843 2025 cum
862 1977 1000 2025 creaturae
1015 1965 1134 2039 perenni
1147 1967 1211 2039 juro
1231 1966 1365 2023 domina-

780 2045 874 2097 turam
887 2039 918 2096 in
933 2040 1036 2096 throno
1052 2037 1150 2110 gloriae
1169 2037 1326 2094 collocavit.
1344 2040 1365 2094 0

780 2111 841 2168 dies
857 2113 929 2168 tanti
949 2125 1082 2167 occursus
1105 2107 1240 2179 gloriosa,
1257 2113 1285 2164 et
1299 2109 1365 2165 lelix

780 2183 840 2239 dies
853 2187 910 2240 lain
948 2182 1074 2238 raeclarae
1089 2177 1281 2236 exaltationis!
1297 2181 1366 2236 Bea-

779 2259 808 2311 ta
823 2261 851 2310 et
866 2198 986 2310 celebris
998 2252 1068 2320 dies,
1084 2255 1143 2308 tam
1158 2249 1286 2332 sublimis
1300 2253 1360 2322 gio·

778 2324 945 2382 riiicationis
960 2323 1069 2382 sestius.
1081 2328 1108 2378 et
1123 2337 1199 2378 omni
1210 2321 1305 2378 seculo
1316 2323 1364 2378 nd-

777 2395 933 2453 mii-abilis!
950 2395 1014 2453 Dies
1033 2392 1109 2452 enim
1128 2393 1178 2449 illa
1193 2409 1250 2448 nnn
1270 2393 1362 2450 soluin

778 2463 1364 2540 temetipsam,Domiua‚inellabilitersub-

777 2538 895 2608 limavit,
915 2539 966 2596 sed
981 2538 1083 2596 coelum
1098 2537 1202 2609 ipsum,
1217 2535 1292 2618 quod
1307 2552 1363 2608 pe-

776 2609 907 2680 netrasti,
927 2626 980 2668 nec
995 2626 1052 2667 non
1073 2613 1186 2676 cuncta,
1201 2623 1264 2678 quae
1283 2624 1311 2664 in
1329 2624 1362 2664 eo

777 2687 850 2750 sunt,
865 2698 938 2739 nova
955 2686 983 2738 et
997 2679 1189 2737 inestimabili
1208 2679 1301 2750 gratia
1314 2679 1363 2734 dc-

777 2753 895 2810 coravit.
917 2755 997 2810 Nova
1017 2751 1134 2823 quidem
1154 2749 1248 2822 gratia
1262 2749 1364 2806 coelum

777 2824 932 2894 decoravit,
944 2823 1011 2894 quia
1026 2821 1149 2893 priorem
1165 2820 1285 2892 gloriam
1301 2824 1364 2892 ejus

777 2911 810 2952 ex
836 2894 989 2966 prasentia
1018 2900 1077 2974 gna,
1106 2894 1183 2948 ultra
1209 2907 1293 2962 ‘luam
1309 2891 1363 2947 dici

776 2965 867 3038 possit
880 2971 929 3021 aut
939 2961 1282 3036 cogitarimagniiicavit.
1294 2964 1363 3018 liam

777 3043 820 3104 tu,
836 3053 852 3093 n
869 3035 1000 3100 Domina,
1019 3035 1084 3091 illuc
1106 3033 1274 3100 ascendens,
1291 3048 1365 3090 noia

777 3107 846 3164 illud
863 3123 896 3164 ac
911 3104 1086 3179 praecellenti
1099 3104 1234 3160 virtutum
1251 3109 1363 3186 tuarum

778 3177 918 3248 dignitate
931 3177 1065 3246 irradias,
1075 3177 1270 3247 immensaque
1280 3191 1364 3232 misc·

777 3246 1362 3322 rationumctgratiarumlucepcrlustras.

779 3321 883 3379 Eadem
896 3337 1009 3393 quoquc
1025 3320 1087 3376 dies
1101 3321 1140 3374 tui
1153 3333 1298 3384 ascensus,
1314 3333 1362 3373 eos

779 3392 828 3465 qni
845 3391 918 3447 circs
934 3391 1039 3450 cceliab
1052 3388 1132 3446 initio
1146 3396 1284 3445 creaturae
1299 3404 1362 3469 esse

779 3469 954 3534 meruerunt,
967 3465 1050 3520 solito
1068 3459 1204 3518 testiviori
1218 3462 1361 3516 exsultati·

779 3537 842 3593 onis
855 3535 960 3607 gaudio
974 3533 1075 3592 induit.
1091 3531 1162 3600 Quia
1174 3545 1297 3613 namquo
1306 3546 1361 3612 per

780 3605 936 3678 gloriosum
950 3609 1072 3664 lructum
1088 3602 1226 3660 loecundae
1236 3617 1359 3684 ‚virgini-

780 3678 848 3735 tatis
858 3677 1032 3746 incendent
1045 3679 1210 3733 semirutam
1218 3678 1360 3754 civilatem

780 3765 862 3806 suam
879 3747 1048 3820 reintegrari
1059 3765 1067 3816 ;
1086 3761 1154 3802 vere
1172 3745 1202 3800 in
1221 3752 1270 3802 tuo
1287 3744 1361 3801 selici

781 3821 916 3888 adventu,
940 3836 991 3892 per
1017 3833 1102 3946 quem
1123 3821 1234 3873 tantum
1255 3817 1362 3872 bonum

781 3897 1017 3962 merueruntgau
1040 3889 1058 3946 ii
1069 3889 1111 3944 sui
1122 3888 1290 3960 magnitudo
1300 3888 1365 3958 jure

783 3962 883 4020 debuit
897 3960 1088 4035 augmentari.

775 4061 780 4074 ·
817 4039 833 4101 t
862 4035 1031 4090 Exsunririo
1057 4049 1150 4089 renna
1176 4049 1209 4088 ni
1241 4047 1308 4088 mus
1336 4033 1366 4086 it.

783 4105 889 4161 Minis.
903 4135 938 4148 -·
950 4109 1066 4162 Terram
1082 4104 1168 4162 etiam
1188 4101 1248 4159 dics
1262 4101 1367 4158 exalta-

782 4178 868 4234 tionis
881 4181 980 4242 luae,o
1004 4175 1169 4234 beatissima
1186 4173 1367 4240 seminarum,

783 4247 856 4305 mira
880 4248 974 4377 {⁹³⁶³
991 4248 1131 4321 irrigavit,
1146 4244 1213 4318 quia
1233 4245 1301 4325 duni
1327 4249 1366 4310 te,

783 4335 867 4392 quam
900 4336 958 4378 ese
973 4315 1366 4377 etinsealiorumhominum

783 4391 846 4464 lege
855 4391 1032 4464 progenitam
1041 4389 1226 4458 novitasque
1235 4385 1271 4443 ad
1286 4385 1370 4443 Crea-

1276 4487 1306 4536 tu
