<?xml version="1.0" encoding="UTF-8"?>
<!DOCTYPE html PUBLIC "-//W3C//DTD XHTML 1.0 Transitional//EN"
    "http://www.w3.org/TR/xhtml1/DTD/xhtml1-transitional.dtd">
<html xmlns="http://www.w3.org/1999/xhtml" xml:lang="en" lang="en">
 <head>
  <title>
</title>
<meta http-equiv="Content-Type" content="text/html;charset=utf-8" />
  <meta name='ocr-system' content='tesseract 3.04.00' />
  <meta name='ocr-capabilities' content='ocr_page ocr_carea ocr_par ocr_line ocrx_word'/>
</head>
<body>
  <div class='ocr_page' id='page_1' title='image "./vitajesuchristi03ludogoog/vitajesuchristi03ludogoog_0068.png"; bbox 0 0 3036 5042; ppageno 0'>
   <div class='ocr_carea' id='block_1_1' title="bbox 424 423 1334 490">
    <p class='ocr_par' dir='ltr' id='par_1_1' title="bbox 424 423 1334 490">
     <span class='ocr_line' id='line_1_1' title="bbox 424 423 1334 490; baseline 0.008 -12"><span class='ocrx_word' id='word_1_1' title='bbox 424 423 463 478; x_wconf 79' lang='lat' dir='ltr'><strong>hu</strong></span> <span class='ocrx_word' id='word_1_2' title='bbox 492 425 603 490; x_wconf 84' lang='lat' dir='ltr'><strong>Plillih,</strong></span> <span class='ocrx_word' id='word_1_3' title='bbox 635 427 667 480; x_wconf 85' lang='lat' dir='ltr'><strong>lli</strong></span> <span class='ocrx_word' id='word_1_4' title='bbox 696 429 859 484; x_wconf 75' lang='lat' dir='ltr'><strong>hassione</strong></span> <span class='ocrx_word' id='word_1_5' title='bbox 887 428 1016 483; x_wconf 86' lang='lat' dir='ltr'><strong>DOlilh&#39;l.</strong></span> <span class='ocrx_word' id='word_1_6' title='bbox 1301 423 1334 478; x_wconf 80' lang='grc'><strong>57</strong></span> 
     </span>
    </p>
   </div>
   <div class='ocr_carea' id='block_1_2' title="bbox 109 529 1336 1103">
    <p class='ocr_par' dir='ltr' id='par_1_2' title="bbox 109 529 1336 1103">
     <span class='ocr_line' id='line_1_2' title="bbox 114 529 1336 613; baseline 0.002 -26"><span class='ocrx_word' id='word_1_7' title='bbox 114 530 182 589; x_wconf 88' lang='lat' dir='ltr'><strong>forte</strong></span> <span class='ocrx_word' id='word_1_8' title='bbox 199 546 250 613; x_wconf 88' lang='lat' dir='ltr'><strong>per</strong></span> <span class='ocrx_word' id='word_1_9' title='bbox 276 531 479 589; x_wconf 77' lang='lat' dir='ltr'><strong>revelationem</strong></span> <span class='ocrx_word' id='word_1_10' title='bbox 501 529 632 588; x_wconf 89' lang='lat' dir='ltr'><strong>audierat</strong></span> <span class='ocrx_word' id='word_1_11' title='bbox 647 535 693 590; x_wconf 90' lang='lat' dir='ltr'><strong>Je-</strong></span> <span class='ocrx_word' id='word_1_12' title='bbox 748 533 846 606; x_wconf 86' lang='lat' dir='ltr'><strong>itaque</strong></span> <span class='ocrx_word' id='word_1_13' title='bbox 867 533 903 591; x_wconf 88' lang='lat' dir='ltr'><strong>de</strong></span> <span class='ocrx_word' id='word_1_14' title='bbox 926 550 1026 606; x_wconf 82' lang='lat' dir='ltr'><strong>regno,</strong></span> <span class='ocrx_word' id='word_1_15' title='bbox 1050 534 1194 604; x_wconf 85' lang='lat' dir='ltr'><strong>respondit</strong></span> <span class='ocrx_word' id='word_1_16' title='bbox 1215 535 1241 589; x_wconf 90' lang='lat' dir='ltr'><strong>ei</strong></span> <span class='ocrx_word' id='word_1_17' title='bbox 1256 536 1336 591; x_wconf 78' lang='lat' dir='ltr'><strong>testes</strong></span> 
     </span>
     <span class='ocr_line' id='line_1_3' title="bbox 113 603 1332 676; baseline 0.003 -18"><span class='ocrx_word' id='word_1_18' title='bbox 113 619 171 660; x_wconf 90' lang='lat' dir='ltr'><strong>sum</strong></span> <span class='ocrx_word' id='word_1_19' title='bbox 185 603 289 660; x_wconf 83' lang='lat' dir='ltr'><strong>dixisse</strong></span> <span class='ocrx_word' id='word_1_20' title='bbox 309 603 462 675; x_wconf 87' lang='lat' dir='ltr'><strong>aliquando</strong></span> <span class='ocrx_word' id='word_1_21' title='bbox 479 619 485 657; x_wconf 93' lang='lat'>:</span> <span class='ocrx_word' id='word_1_22' title='bbox 502 604 618 659; x_wconf 77' lang='lat' dir='ltr'><strong><em>Reddite</em></strong></span> <span class='ocrx_word' id='word_1_23' title='bbox 632 621 693 676; x_wconf 80' lang='lat' dir='ltr'><strong>que</strong></span> <span class='ocrx_word' id='word_1_24' title='bbox 747 621 811 664; x_wconf 93' lang='lat' dir='ltr'><strong>eum</strong></span> <span class='ocrx_word' id='word_1_25' title='bbox 823 605 1046 676; x_wconf 88' lang='lat' dir='ltr'><strong>erudiens,etad</strong></span> <span class='ocrx_word' id='word_1_26' title='bbox 1057 605 1161 663; x_wconf 89' lang='lat' dir='ltr'><strong>altiora</strong></span> <span class='ocrx_word' id='word_1_27' title='bbox 1173 606 1332 664; x_wconf 86' lang='lat' dir='ltr'><strong>reducens:</strong></span> 
     </span>
     <span class='ocr_line' id='line_1_4' title="bbox 112 675 1335 747; baseline 0.002 -17"><span class='ocrx_word' id='word_1_28' title='bbox 112 681 173 730; x_wconf 84' lang='lat' dir='ltr'><strong>sunt</strong></span> <span class='ocrx_word' id='word_1_29' title='bbox 200 675 316 732; x_wconf 79' lang='lat' dir='ltr'><strong>Gaesoris</strong></span> <span class='ocrx_word' id='word_1_30' title='bbox 347 677 458 739; x_wconf 77' lang='lat' dir='ltr'><strong>cesari,</strong></span> <span class='ocrx_word' id='word_1_31' title='bbox 489 679 514 730; x_wconf 88' lang='lat' dir='ltr'><strong>et</strong></span> <span class='ocrx_word' id='word_1_32' title='bbox 541 691 601 746; x_wconf 79' lang='lat' dir='ltr'><strong>que</strong></span> <span class='ocrx_word' id='word_1_33' title='bbox 628 681 692 733; x_wconf 84' lang='lat' dir='ltr'><strong>sunt</strong></span> <span class='ocrx_word' id='word_1_34' title='bbox 745 681 868 747; x_wconf 73' lang='lat' dir='ltr'><strong>Hennam</strong></span> <span class='ocrx_word' id='word_1_35' title='bbox 882 693 970 733; x_wconf 85' lang='lat' dir='ltr'><strong>meum</strong></span> <span class='ocrx_word' id='word_1_36' title='bbox 986 684 1094 734; x_wconf 84' lang='lat' dir='ltr'><strong>nonest</strong></span> <span class='ocrx_word' id='word_1_37' title='bbox 1111 677 1335 746; x_wconf 83' lang='lat' dir='ltr'><strong>dehocmnndo,</strong></span> 
     </span>
     <span class='ocr_line' id='line_1_5' title="bbox 111 745 1335 820; baseline 0.002 -18"><span class='ocrx_word' id='word_1_38' title='bbox 111 750 158 802; x_wconf 82' lang='lat' dir='ltr'><strong>liei</strong></span> <span class='ocrx_word' id='word_1_39' title='bbox 175 750 246 815; x_wconf 84' lang='lat' dir='ltr'><strong>lleo;</strong></span> <span class='ocrx_word' id='word_1_40' title='bbox 271 746 345 804; x_wconf 91' lang='lat' dir='ltr'><strong>unde</strong></span> <span class='ocrx_word' id='word_1_41' title='bbox 369 745 471 803; x_wconf 76' lang='lat' dir='ltr'><strong>transit</strong></span> <span class='ocrx_word' id='word_1_42' title='bbox 498 745 533 802; x_wconf 90' lang='lat' dir='ltr'><strong>ad</strong></span> <span class='ocrx_word' id='word_1_43' title='bbox 565 747 691 818; x_wconf 81' lang='lat' dir='ltr'><strong>tertiam,</strong></span> <span class='ocrx_word' id='word_1_44' title='bbox 746 749 775 806; x_wconf 94' lang='lat' dir='ltr'><strong>id</strong></span> <span class='ocrx_word' id='word_1_45' title='bbox 790 754 844 818; x_wconf 91' lang='lat' dir='ltr'><strong>est,</strong></span> <span class='ocrx_word' id='word_1_46' title='bbox 860 749 1015 806; x_wconf 88' lang='lat' dir='ltr'><strong>secuudum</strong></span> <span class='ocrx_word' id='word_1_47' title='bbox 1032 751 1263 818; x_wconf 76' lang='lat' dir='ltr'><strong>chrysostomum,</strong></span> <span class='ocrx_word' id='word_1_48' title='bbox 1277 763 1335 820; x_wconf 93' lang='lat' dir='ltr'><strong>po-</strong></span> 
     </span>
     <span class='ocr_line' id='line_1_6' title="bbox 111 818 1335 892; baseline 0.002 -18"><span class='ocrx_word' id='word_1_49' title='bbox 111 833 171 890; x_wconf 77' lang='lat' dir='ltr'><strong>quae</strong></span> <span class='ocrx_word' id='word_1_50' title='bbox 188 818 280 892; x_wconf 82' lang='lat' dir='ltr'><strong>magis</strong></span> <span class='ocrx_word' id='word_1_51' title='bbox 292 819 429 890; x_wconf 84' lang='lat' dir='ltr'><strong>tangebat</strong></span> <span class='ocrx_word' id='word_1_52' title='bbox 447 833 524 886; x_wconf 92' lang='lat' dir='ltr'><strong>eum,</strong></span> <span class='ocrx_word' id='word_1_53' title='bbox 544 823 572 873; x_wconf 89' lang='lat' dir='ltr'><strong>ef</strong></span> <span class='ocrx_word' id='word_1_54' title='bbox 587 821 691 876; x_wconf 83' lang='lat' dir='ltr'><strong>liema-</strong></span> <span class='ocrx_word' id='word_1_55' title='bbox 747 827 835 877; x_wconf 89' lang='lat' dir='ltr'><strong>testas</strong></span> <span class='ocrx_word' id='word_1_56' title='bbox 855 837 928 888; x_wconf 87' lang='lat' dir='ltr'><strong>mea,</strong></span> <span class='ocrx_word' id='word_1_57' title='bbox 953 825 981 876; x_wconf 91' lang='lat' dir='ltr'><strong>et</strong></span> <span class='ocrx_word' id='word_1_58' title='bbox 1005 819 1159 876; x_wconf 73' lang='lat' dir='ltr'><strong>sinisteritas</strong></span> <span class='ocrx_word' id='word_1_59' title='bbox 1181 835 1256 889; x_wconf 87' lang='lat' dir='ltr'><strong>mea,</strong></span> <span class='ocrx_word' id='word_1_60' title='bbox 1279 835 1335 888; x_wconf 83' lang='lat' dir='ltr'><strong>qua</strong></span> 
     </span>
     <span class='ocr_line' id='line_1_7' title="bbox 110 889 1335 963; baseline 0.002 -20"><span class='ocrx_word' id='word_1_61' title='bbox 110 905 175 946; x_wconf 91' lang='lat' dir='ltr'><strong>num</strong></span> <span class='ocrx_word' id='word_1_62' title='bbox 192 889 356 962; x_wconf 89' lang='lat' dir='ltr'><strong>imperium,</strong></span> <span class='ocrx_word' id='word_1_63' title='bbox 380 895 408 945; x_wconf 88' lang='lat' dir='ltr'><strong>et</strong></span> <span class='ocrx_word' id='word_1_64' title='bbox 427 889 577 946; x_wconf 86' lang='lat' dir='ltr'><strong>vidchatur</strong></span> <span class='ocrx_word' id='word_1_65' title='bbox 592 895 692 947; x_wconf 90' lang='lat' dir='ltr'><strong>contra</strong></span> <span class='ocrx_word' id='word_1_66' title='bbox 747 909 808 950; x_wconf 88' lang='lat' dir='ltr'><strong>sum</strong></span> <span class='ocrx_word' id='word_1_67' title='bbox 820 895 953 960; x_wconf 61' lang='lat' dir='ltr'><strong>hennon</strong></span> <span class='ocrx_word' id='word_1_68' title='bbox 966 893 1052 950; x_wconf 92' lang='lat' dir='ltr'><strong>hahet</strong></span> <span class='ocrx_word' id='word_1_69' title='bbox 1066 890 1205 962; x_wconf 76' lang='lat' dir='ltr'>originem</span> <span class='ocrx_word' id='word_1_70' title='bbox 1216 898 1244 948; x_wconf 90' lang='lat' dir='ltr'><strong>el</strong></span> <span class='ocrx_word' id='word_1_71' title='bbox 1259 889 1335 963; x_wconf 91' lang='lat' dir='ltr'><strong>prin·</strong></span> 
     </span>
     <span class='ocr_line' id='line_1_8' title="bbox 111 959 1334 1046; baseline 0.002 -30"><span class='ocrx_word' id='word_1_72' title='bbox 111 962 290 1032; x_wconf 88' lang='lat' dir='ltr'><strong>imperatoris</strong></span> <span class='ocrx_word' id='word_1_73' title='bbox 316 963 464 1032; x_wconf 91' lang='lat' dir='ltr'><strong>honorem,</strong></span> <span class='ocrx_word' id='word_1_74' title='bbox 485 959 592 1018; x_wconf 90' lang='lat' dir='ltr'><strong>scilicet</strong></span> <span class='ocrx_word' id='word_1_75' title='bbox 616 963 691 1034; x_wconf 84' lang='lat' dir='ltr'><strong>quod</strong></span> <span class='ocrx_word' id='word_1_76' title='bbox 746 963 851 1046; x_wconf 82' lang='lat' dir='ltr'><strong>cipiunt</strong></span> <span class='ocrx_word' id='word_1_77' title='bbox 866 981 900 1021; x_wconf 84' lang='lat' dir='ltr'><strong>ex</strong></span> <span class='ocrx_word' id='word_1_78' title='bbox 914 963 1006 1020; x_wconf 89' lang='lat' dir='ltr'><strong>causis</strong></span> <span class='ocrx_word' id='word_1_79' title='bbox 1022 963 1173 1020; x_wconf 91' lang='lat' dir='ltr'><strong>mundanis</strong></span> <span class='ocrx_word' id='word_1_80' title='bbox 1183 967 1212 1019; x_wconf 91' lang='lat' dir='ltr'><strong>ct</strong></span> <span class='ocrx_word' id='word_1_81' title='bbox 1226 979 1259 1020; x_wconf 82' lang='lat' dir='ltr'><strong>ex</strong></span> <span class='ocrx_word' id='word_1_82' title='bbox 1277 963 1334 1019; x_wconf 94' lang='lat' dir='ltr'><strong>ho-</strong></span> 
     </span>
     <span class='ocr_line' id='line_1_9' title="bbox 109 1031 1336 1103; baseline 0.003 -17"><span class='ocrx_word' id='word_1_83' title='bbox 109 1031 219 1090; x_wconf 89' lang='lat' dir='ltr'><strong>dicehat</strong></span> <span class='ocrx_word' id='word_1_84' title='bbox 233 1049 265 1090; x_wconf 90' lang='lat' dir='ltr'><strong>se</strong></span> <span class='ocrx_word' id='word_1_85' title='bbox 279 1049 344 1090; x_wconf 89' lang='lat' dir='ltr'><strong>esse</strong></span> <span class='ocrx_word' id='word_1_86' title='bbox 360 1033 515 1101; x_wconf 77' lang='lat' dir='ltr'><strong>Christum,</strong></span> <span class='ocrx_word' id='word_1_87' title='bbox 531 1031 560 1088; x_wconf 89' lang='lat' dir='ltr'><strong>id</strong></span> <span class='ocrx_word' id='word_1_88' title='bbox 580 1039 623 1090; x_wconf 90' lang='lat' dir='ltr'><strong>est</strong></span> <span class='ocrx_word' id='word_1_89' title='bbox 638 1051 691 1090; x_wconf 89' lang='lat' dir='ltr'><strong>un·</strong></span> <span class='ocrx_word' id='word_1_90' title='bbox 746 1051 856 1092; x_wconf 82' lang='lat' dir='ltr'><strong>minum</strong></span> <span class='ocrx_word' id='word_1_91' title='bbox 870 1035 1021 1100; x_wconf 74' lang='lat' dir='ltr'><strong>electione:</strong></span> <span class='ocrx_word' id='word_1_92' title='bbox 1032 1035 1082 1091; x_wconf 90' lang='lat' dir='ltr'><strong>sed</strong></span> <span class='ocrx_word' id='word_1_93' title='bbox 1094 1033 1336 1103; x_wconf 88' lang='lat' dir='ltr'><strong>aliunde,scilicel</strong></span> 
     </span>
    </p>
   </div>
   <div class='ocr_carea' id='block_1_3' title="bbox 109 1102 1427 1178">
    <p class='ocr_par' dir='ltr' id='par_1_3' title="bbox 109 1102 1427 1178">
     <span class='ocr_line' id='line_1_10' title="bbox 109 1102 1427 1178; baseline 0.002 -19"><span class='ocrx_word' id='word_1_94' title='bbox 109 1109 181 1160; x_wconf 89' lang='lat' dir='ltr'><strong>ctum</strong></span> <span class='ocrx_word' id='word_1_95' title='bbox 203 1104 263 1161; x_wconf 82' lang='lat' dir='ltr'><strong>sire</strong></span> <span class='ocrx_word' id='word_1_96' title='bbox 285 1106 402 1176; x_wconf 80' lang='lat' dir='ltr'><strong>Regem,</strong></span> <span class='ocrx_word' id='word_1_97' title='bbox 417 1119 484 1161; x_wconf 90' lang='lat' dir='ltr'><strong>nam</strong></span> <span class='ocrx_word' id='word_1_98' title='bbox 500 1102 606 1161; x_wconf 91' lang='lat' dir='ltr'><strong>directe</strong></span> <span class='ocrx_word' id='word_1_99' title='bbox 621 1122 691 1162; x_wconf 90' lang='lat' dir='ltr'><strong>con·</strong></span> <span class='ocrx_word' id='word_1_100' title='bbox 745 1109 863 1164; x_wconf 88' lang='lat' dir='ltr'><strong>aPatre</strong></span> <span class='ocrx_word' id='word_1_101' title='bbox 880 1124 953 1176; x_wconf 88' lang='lat' dir='ltr'><strong>mee,</strong></span> <span class='ocrx_word' id='word_1_102' title='bbox 971 1105 1019 1178; x_wconf 84' lang='lat' dir='ltr'><strong>qui</strong></span> <span class='ocrx_word' id='word_1_103' title='bbox 1036 1106 1159 1162; x_wconf 85' lang='lat' dir='ltr'><strong>incoelis</strong></span> <span class='ocrx_word' id='word_1_104' title='bbox 1177 1112 1229 1163; x_wconf 83' lang='lat' dir='ltr'><strong>est.</strong></span> <span class='ocrx_word' id='word_1_105' title='bbox 1246 1103 1332 1174; x_wconf 91' lang='lat' dir='ltr'><strong>Quasi</strong></span> <span class='ocrx_word' id='word_1_106' title='bbox 1422 1103 1427 1112; x_wconf 83' lang='lat'><em>&#39;</em></span> 
     </span>
    </p>
   </div>
   <div class='ocr_carea' id='block_1_4' title="bbox 106 1175 1337 3474">
    <p class='ocr_par' dir='ltr' id='par_1_4' title="bbox 109 1175 1334 1762">
     <span class='ocr_line' id='line_1_11' title="bbox 110 1175 1334 1250; baseline 0.001 -19"><span class='ocrx_word' id='word_1_107' title='bbox 110 1181 150 1231; x_wconf 89' lang='lat' dir='ltr'><strong>tra</strong></span> <span class='ocrx_word' id='word_1_108' title='bbox 164 1177 370 1248; x_wconf 86' lang='lat' dir='ltr'><strong>imperatorem</strong></span> <span class='ocrx_word' id='word_1_109' title='bbox 385 1181 447 1233; x_wconf 87' lang='lat' dir='ltr'><strong>erat</strong></span> <span class='ocrx_word' id='word_1_110' title='bbox 455 1175 531 1246; x_wconf 83' lang='lat' dir='ltr'><strong>quod</strong></span> <span class='ocrx_word' id='word_1_111' title='bbox 546 1175 651 1248; x_wconf 88' lang='lat' dir='ltr'><strong>aliquis</strong></span> <span class='ocrx_word' id='word_1_112' title='bbox 662 1193 692 1234; x_wconf 90' lang='lat' dir='ltr'><strong>se</strong></span> <span class='ocrx_word' id='word_1_113' title='bbox 746 1179 877 1236; x_wconf 82' lang='lat' dir='ltr'><strong>diceret:</strong></span> <span class='ocrx_word' id='word_1_114' title='bbox 895 1181 952 1236; x_wconf 83' lang='lat' dir='ltr'><strong>lien</strong></span> <span class='ocrx_word' id='word_1_115' title='bbox 972 1193 1035 1235; x_wconf 92' lang='lat' dir='ltr'><strong>sum</strong></span> <span class='ocrx_word' id='word_1_116' title='bbox 1053 1193 1111 1234; x_wconf 93' lang='lat' dir='ltr'><strong>non</strong></span> <span class='ocrx_word' id='word_1_117' title='bbox 1131 1176 1247 1250; x_wconf 84' lang='lat' dir='ltr'><strong>quidem</strong></span> <span class='ocrx_word' id='word_1_118' title='bbox 1269 1175 1334 1233; x_wconf 90' lang='lat' dir='ltr'><strong>talis</strong></span> 
     </span>
     <span class='ocr_line' id='line_1_12' title="bbox 109 1245 1334 1332; baseline 0.002 -31"><span class='ocrx_word' id='word_1_119' title='bbox 109 1261 167 1304; x_wconf 88' lang='lat' dir='ltr'><strong>esse</strong></span> <span class='ocrx_word' id='word_1_120' title='bbox 192 1263 289 1321; x_wconf 85' lang='lat' dir='ltr'><strong>regem</strong></span> <span class='ocrx_word' id='word_1_121' title='bbox 316 1247 480 1304; x_wconf 73' lang='lat' dir='ltr'><strong>ludaeorum</strong></span> <span class='ocrx_word' id='word_1_122' title='bbox 506 1245 625 1332; x_wconf 76' lang='lat' dir='ltr'><strong>diecret,</strong></span> <span class='ocrx_word' id='word_1_123' title='bbox 644 1249 693 1320; x_wconf 84' lang='lat' dir='ltr'><strong>qui</strong></span> <span class='ocrx_word' id='word_1_124' title='bbox 747 1251 860 1322; x_wconf 84' lang='lat' dir='ltr'><strong>qualem</strong></span> <span class='ocrx_word' id='word_1_125' title='bbox 880 1249 1044 1320; x_wconf 88' lang='lat' dir='ltr'><strong>suspicaris,</strong></span> <span class='ocrx_word' id='word_1_126' title='bbox 1065 1249 1115 1306; x_wconf 89' lang='lat' dir='ltr'><strong>sed</strong></span> <span class='ocrx_word' id='word_1_127' title='bbox 1133 1250 1221 1306; x_wconf 93' lang='lat' dir='ltr'><strong>multo</strong></span> <span class='ocrx_word' id='word_1_128' title='bbox 1241 1249 1334 1319; x_wconf 87' lang='lat' dir='ltr'><strong>major</strong></span> 
     </span>
     <span class='ocr_line' id='line_1_13' title="bbox 110 1317 1333 1394; baseline 0.008 -22"><span class='ocrx_word' id='word_1_129' title='bbox 110 1318 272 1390; x_wconf 87' lang='lat' dir='ltr'><strong>imperatori</strong></span> <span class='ocrx_word' id='word_1_130' title='bbox 290 1319 479 1376; x_wconf 91' lang='lat' dir='ltr'><strong>liomanosub</strong></span> <span class='ocrx_word' id='word_1_131' title='bbox 494 1317 602 1376; x_wconf 91' lang='lat' dir='ltr'><strong>tributo</strong></span> <span class='ocrx_word' id='word_1_132' title='bbox 615 1336 644 1375; x_wconf 87' lang='lat' dir='ltr'><strong>ru</strong></span> <span class='ocrx_word' id='word_1_133' title='bbox 654 1319 692 1376; x_wconf 88' lang='lat' dir='ltr'><strong>si·</strong></span> <span class='ocrx_word' id='word_1_134' title='bbox 747 1327 776 1379; x_wconf 93' lang='lat' dir='ltr'><strong>et</strong></span> <span class='ocrx_word' id='word_1_135' title='bbox 786 1323 900 1378; x_wconf 86' lang='lat' dir='ltr'><strong>clarior.</strong></span> <span class='ocrx_word' id='word_1_136' title='bbox 914 1320 1080 1394; x_wconf 72' lang='lat' dir='ltr'><strong>temporale</strong></span> <span class='ocrx_word' id='word_1_137' title='bbox 1096 1319 1200 1394; x_wconf 85' lang='lat' dir='ltr'><strong>quippe</strong></span> <span class='ocrx_word' id='word_1_138' title='bbox 1213 1335 1333 1392; x_wconf 77' lang='lat' dir='ltr'><strong>regnum</strong></span> 
     </span>
     <span class='ocr_line' id='line_1_14' title="bbox 109 1389 1332 1466; baseline 0.002 -22"><span class='ocrx_word' id='word_1_139' title='bbox 109 1405 192 1458; x_wconf 85' lang='lat' dir='ltr'><strong>guum</strong></span> <span class='ocrx_word' id='word_1_140' title='bbox 217 1389 404 1462; x_wconf 90' lang='lat' dir='ltr'><strong>subjectionis</strong></span> <span class='ocrx_word' id='word_1_141' title='bbox 423 1389 595 1448; x_wconf 83' lang='lat' dir='ltr'><strong>serviebant.</strong></span> <span class='ocrx_word' id='word_1_142' title='bbox 618 1392 693 1448; x_wconf 88' lang='lat' dir='ltr'><strong>Pro·</strong></span> <span class='ocrx_word' id='word_1_143' title='bbox 746 1393 855 1466; x_wconf 65' lang='lat' dir='ltr'><strong>fugiet</strong></span> <span class='ocrx_word' id='word_1_144' title='bbox 870 1395 979 1450; x_wconf 89' lang='lat' dir='ltr'><strong>nultum</strong></span> <span class='ocrx_word' id='word_1_145' title='bbox 994 1393 1029 1448; x_wconf 90' lang='lat' dir='ltr'><strong>de</strong></span> <span class='ocrx_word' id='word_1_146' title='bbox 1043 1393 1096 1448; x_wconf 90' lang='lat' dir='ltr'><strong>hoc</strong></span> <span class='ocrx_word' id='word_1_147' title='bbox 1112 1391 1224 1464; x_wconf 79' lang='lat' dir='ltr'><strong>signum</strong></span> <span class='ocrx_word' id='word_1_148' title='bbox 1237 1397 1332 1448; x_wconf 90' lang='lat' dir='ltr'><strong>osten·</strong></span> 
     </span>
     <span class='ocr_line' id='line_1_15' title="bbox 109 1461 1331 1536; baseline 0.002 -20"><span class='ocrx_word' id='word_1_149' title='bbox 109 1468 168 1532; x_wconf 91' lang='lat' dir='ltr'><strong>pter</strong></span> <span class='ocrx_word' id='word_1_150' title='bbox 182 1463 258 1533; x_wconf 86' lang='lat' dir='ltr'><strong>quod</strong></span> <span class='ocrx_word' id='word_1_151' title='bbox 274 1461 397 1518; x_wconf 82' lang='lat' dir='ltr'><strong>Romani</strong></span> <span class='ocrx_word' id='word_1_152' title='bbox 412 1477 518 1518; x_wconf 91' lang='lat' dir='ltr'><strong>nomen</strong></span> <span class='ocrx_word' id='word_1_153' title='bbox 531 1462 643 1536; x_wconf 78' lang='lat' dir='ltr'><strong>regium</strong></span> <span class='ocrx_word' id='word_1_154' title='bbox 656 1465 692 1521; x_wconf 91' lang='lat' dir='ltr'><strong>ah</strong></span> <span class='ocrx_word' id='word_1_155' title='bbox 747 1465 786 1522; x_wconf 91' lang='lat' dir='ltr'><strong>di.</strong></span> <span class='ocrx_word' id='word_1_156' title='bbox 804 1465 881 1522; x_wconf 86' lang='lat' dir='ltr'><strong>Unde</strong></span> <span class='ocrx_word' id='word_1_157' title='bbox 898 1463 974 1521; x_wconf 90' lang='lat' dir='ltr'><strong>idem</strong></span> <span class='ocrx_word' id='word_1_158' title='bbox 994 1465 1227 1534; x_wconf 71' lang='lat' dir='ltr'><strong>chrysostomos:</strong></span> <span class='ocrx_word' id='word_1_159' title='bbox 1249 1485 1264 1514; x_wconf 72' lang='grc' dir='ltr'><strong>(ι</strong></span> <span class='ocrx_word' id='word_1_160' title='bbox 1284 1464 1331 1519; x_wconf 85' lang='lat' dir='ltr'><strong>lti-</strong></span> 
     </span>
     <span class='ocr_line' id='line_1_16' title="bbox 109 1533 1332 1608; baseline 0.002 -21"><span class='ocrx_word' id='word_1_161' title='bbox 109 1533 148 1588; x_wconf 91' lang='lat' dir='ltr'><strong>eis</strong></span> <span class='ocrx_word' id='word_1_162' title='bbox 161 1534 355 1601; x_wconf 88' lang='lat' dir='ltr'><strong>abstulerant,</strong></span> <span class='ocrx_word' id='word_1_163' title='bbox 372 1539 402 1589; x_wconf 93' lang='lat' dir='ltr'><strong>ut</strong></span> <span class='ocrx_word' id='word_1_164' title='bbox 416 1547 515 1589; x_wconf 89' lang='lat' dir='ltr'><strong>eorum</strong></span> <span class='ocrx_word' id='word_1_165' title='bbox 528 1533 692 1608; x_wconf 90' lang='lat' dir='ltr'><strong>superbiam</strong></span> <span class='ocrx_word' id='word_1_166' title='bbox 747 1536 786 1594; x_wconf 93' lang='lat' dir='ltr'><strong>hil</strong></span> <span class='ocrx_word' id='word_1_167' title='bbox 802 1536 927 1608; x_wconf 85' lang='lat' dir='ltr'><strong>denique</strong></span> <span class='ocrx_word' id='word_1_168' title='bbox 943 1537 1112 1592; x_wconf 88' lang='lat' dir='ltr'><strong>monstravit</strong></span> <span class='ocrx_word' id='word_1_169' title='bbox 1126 1535 1183 1592; x_wconf 88' lang='lat' dir='ltr'><strong>tale</strong></span> <span class='ocrx_word' id='word_1_170' title='bbox 1204 1552 1211 1591; x_wconf 75' lang='grc' dir='ltr'><strong>ε</strong></span> <span class='ocrx_word' id='word_1_171' title='bbox 1237 1549 1332 1605; x_wconf 88' lang='lat' dir='ltr'><strong>neque</strong></span> 
     </span>
     <span class='ocr_line' id='line_1_17' title="bbox 109 1604 1331 1680; baseline 0.002 -21"><span class='ocrx_word' id='word_1_172' title='bbox 109 1605 283 1678; x_wconf 78' lang='lat' dir='ltr'><strong>frangerent,</strong></span> <span class='ocrx_word' id='word_1_173' title='bbox 304 1611 333 1662; x_wconf 92' lang='lat' dir='ltr'><strong>et</strong></span> <span class='ocrx_word' id='word_1_174' title='bbox 352 1607 393 1661; x_wconf 88' lang='lat' dir='ltr'><strong>sic</strong></span> <span class='ocrx_word' id='word_1_175' title='bbox 412 1604 570 1662; x_wconf 87' lang='lat' dir='ltr'><strong>rebellandi</strong></span> <span class='ocrx_word' id='word_1_176' title='bbox 585 1605 693 1662; x_wconf 89' lang='lat' dir='ltr'><strong>occasi·</strong></span> <span class='ocrx_word' id='word_1_177' title='bbox 747 1607 823 1666; x_wconf 89' lang='lat' dir='ltr'><strong>enim</strong></span> <span class='ocrx_word' id='word_1_178' title='bbox 839 1607 954 1676; x_wconf 87' lang='lat' dir='ltr'><strong>milites,</strong></span> <span class='ocrx_word' id='word_1_179' title='bbox 966 1624 1000 1664; x_wconf 91' lang='lat' dir='ltr'><strong>ne</strong></span> <span class='ocrx_word' id='word_1_180' title='bbox 1024 1624 1057 1664; x_wconf 91' lang='lat' dir='ltr'><strong>ue</strong></span> <span class='ocrx_word' id='word_1_181' title='bbox 1069 1606 1223 1680; x_wconf 86' lang='lat' dir='ltr'><strong>principes,</strong></span> <span class='ocrx_word' id='word_1_182' title='bbox 1238 1621 1331 1676; x_wconf 90' lang='lat' dir='ltr'><strong>neque</strong></span> 
     </span>
     <span class='ocr_line' id='line_1_18' title="bbox 109 1623 1333 1762; baseline 0.002 -32"><span class='ocrx_word' id='word_1_183' title='bbox 109 1691 187 1733; x_wconf 90' lang='lat' dir='ltr'><strong>onem</strong></span> <span class='ocrx_word' id='word_1_184' title='bbox 202 1677 350 1734; x_wconf 89' lang='lat' dir='ltr'><strong>tollerent.</strong></span> <span class='ocrx_word' id='word_1_185' title='bbox 747 1695 849 1762; x_wconf 86' lang='lat' dir='ltr'><strong>equos,</strong></span> <span class='ocrx_word' id='word_1_186' title='bbox 861 1695 953 1750; x_wconf 82' lang='lat' dir='ltr'><strong>neque</strong></span> <span class='ocrx_word' id='word_1_187' title='bbox 965 1623 1107 1736; x_wconf 57' lang='lat' dir='ltr'><strong>mdiorum</strong></span> <span class='ocrx_word' id='word_1_188' title='bbox 1115 1681 1226 1760; x_wconf 69' lang='lat' dir='ltr'><strong>jugum,</strong></span> <span class='ocrx_word' id='word_1_189' title='bbox 1239 1693 1333 1748; x_wconf 87' lang='lat' dir='ltr'><strong>neque</strong></span> 
     </span>
    </p>

    <p class='ocr_par' dir='ltr' id='par_1_5' title="bbox 106 1747 1337 3474">
     <span class='ocr_line' id='line_1_19' title="bbox 145 1747 1332 1823; baseline -0.002 -19"><span class='ocrx_word' id='word_1_190' title='bbox 145 1771 174 1804; x_wconf 87' lang='grc' dir='ltr'><strong>ιο</strong></span> <span class='ocrx_word' id='word_1_191' title='bbox 187 1750 246 1817; x_wconf 84' lang='lat' dir='ltr'><strong>Ono</strong></span> <span class='ocrx_word' id='word_1_192' title='bbox 263 1765 350 1805; x_wconf 81' lang='lat' dir='ltr'><strong>sensu</strong></span> <span class='ocrx_word' id='word_1_193' title='bbox 377 1766 487 1806; x_wconf 80' lang='lat' dir='ltr'><strong>nnonnn</strong></span> <span class='ocrx_word' id='word_1_194' title='bbox 513 1747 623 1806; x_wconf 83' lang='lat' dir='ltr'><strong>Cunisrr</strong></span> <span class='ocrx_word' id='word_1_195' title='bbox 639 1767 693 1807; x_wconf 83' lang='lat' dir='ltr'><strong>non</strong></span> <span class='ocrx_word' id='word_1_196' title='bbox 747 1751 824 1808; x_wconf 89' lang='lat' dir='ltr'><strong>ahud</strong></span> <span class='ocrx_word' id='word_1_197' title='bbox 840 1751 908 1823; x_wconf 85' lang='lat' dir='ltr'><strong>quid</strong></span> <span class='ocrx_word' id='word_1_198' title='bbox 922 1751 980 1808; x_wconf 91' lang='lat' dir='ltr'><strong>tale</strong></span> <span class='ocrx_word' id='word_1_199' title='bbox 994 1751 1119 1808; x_wconf 85' lang='lat' dir='ltr'><strong>habehat</strong></span> <span class='ocrx_word' id='word_1_200' title='bbox 1138 1766 1213 1806; x_wconf 85' lang='lat' dir='ltr'><strong>eirca</strong></span> <span class='ocrx_word' id='word_1_201' title='bbox 1228 1751 1332 1804; x_wconf 88' lang='lat' dir='ltr'><strong>semet-</strong></span> 
     </span>
     <span class='ocr_line' id='line_1_20' title="bbox 109 1820 1333 1895; baseline 0.002 -22"><span class='ocrx_word' id='word_1_202' title='bbox 109 1837 152 1874; x_wconf 87' lang='lat' dir='ltr'><strong>nsr</strong></span> <span class='ocrx_word' id='word_1_203' title='bbox 163 1837 196 1876; x_wconf 85' lang='lat' dir='ltr'><strong>ne</strong></span> <span class='ocrx_word' id='word_1_204' title='bbox 211 1825 264 1877; x_wconf 85' lang='lat' dir='ltr'><strong>isoc</strong></span> <span class='ocrx_word' id='word_1_205' title='bbox 285 1837 389 1877; x_wconf 77' lang='lat' dir='ltr'><strong>sunno.</strong></span> <span class='ocrx_word' id='word_1_206' title='bbox 415 1853 449 1862; x_wconf 97' lang='lat'>-</span> <span class='ocrx_word' id='word_1_207' title='bbox 477 1823 609 1877; x_wconf 82' lang='lat' dir='ltr'><strong>introivit</strong></span> <span class='ocrx_word' id='word_1_208' title='bbox 629 1837 692 1890; x_wconf 68' lang='lat' dir='ltr'><strong>uno</strong></span> <span class='ocrx_word' id='word_1_209' title='bbox 747 1823 855 1895; x_wconf 87' lang='lat' dir='ltr'><strong>ipsum;</strong></span> <span class='ocrx_word' id='word_1_210' title='bbox 869 1823 918 1880; x_wconf 90' lang='lat' dir='ltr'><strong>sed</strong></span> <span class='ocrx_word' id='word_1_211' title='bbox 934 1821 1071 1879; x_wconf 91' lang='lat' dir='ltr'><strong>humilem</strong></span> <span class='ocrx_word' id='word_1_212' title='bbox 1087 1823 1159 1878; x_wconf 89' lang='lat' dir='ltr'><strong>hanc</strong></span> <span class='ocrx_word' id='word_1_213' title='bbox 1174 1826 1202 1876; x_wconf 87' lang='lat' dir='ltr'><strong>et</strong></span> <span class='ocrx_word' id='word_1_214' title='bbox 1216 1820 1333 1892; x_wconf 90' lang='lat' dir='ltr'><strong>inopem</strong></span> 
     </span>
     <span class='ocr_line' id='line_1_21' title="bbox 108 1890 1335 1967; baseline 0.001 -22"><span class='ocrx_word' id='word_1_215' title='bbox 108 1893 204 1947; x_wconf 84' lang='lat' dir='ltr'><strong>iterum</strong></span> <span class='ocrx_word' id='word_1_216' title='bbox 231 1896 261 1948; x_wconf 86' lang='lat' dir='ltr'><strong>in</strong></span> <span class='ocrx_word' id='word_1_217' title='bbox 282 1895 444 1964; x_wconf 80' lang='lat' dir='ltr'><strong>praetorium</strong></span> <span class='ocrx_word' id='word_1_218' title='bbox 463 1894 583 1957; x_wconf 84' lang='lat' dir='ltr'><strong>Pilatus,</strong></span> <span class='ocrx_word' id='word_1_219' title='bbox 604 1899 634 1948; x_wconf 91' lang='lat' dir='ltr'><strong>ut</strong></span> <span class='ocrx_word' id='word_1_220' title='bbox 653 1892 694 1950; x_wconf 93' lang='lat' dir='ltr'><strong>ibi</strong></span> <span class='ocrx_word' id='word_1_221' title='bbox 749 1894 835 1950; x_wconf 76' lang='lat' dir='ltr'><strong>eitam</strong></span> <span class='ocrx_word' id='word_1_222' title='bbox 857 1893 1059 1967; x_wconf 88' lang='lat' dir='ltr'><strong>pertransibat,</strong></span> <span class='ocrx_word' id='word_1_223' title='bbox 1087 1891 1237 1950; x_wconf 91' lang='lat' dir='ltr'><strong>duodecim</strong></span> <span class='ocrx_word' id='word_1_224' title='bbox 1263 1890 1335 1947; x_wconf 87' lang='lat' dir='ltr'><strong>viles</strong></span> 
     </span>
     <span class='ocr_line' id='line_1_22' title="bbox 107 1963 1336 2035; baseline 0.002 -18"><span class='ocrx_word' id='word_1_225' title='bbox 107 1963 244 2020; x_wconf 87' lang='lat' dir='ltr'><strong>Christum</strong></span> <span class='ocrx_word' id='word_1_226' title='bbox 262 1965 356 2035; x_wconf 79' lang='lat' dir='ltr'><strong>magis</strong></span> <span class='ocrx_word' id='word_1_227' title='bbox 372 1963 489 2034; x_wconf 86' lang='lat' dir='ltr'><strong>pacifice</strong></span> <span class='ocrx_word' id='word_1_228' title='bbox 505 1969 533 2019; x_wconf 90' lang='lat' dir='ltr'><strong>et</strong></span> <span class='ocrx_word' id='word_1_229' title='bbox 553 1963 694 2035; x_wconf 88' lang='lat' dir='ltr'><strong>exquisite</strong></span> <span class='ocrx_word' id='word_1_230' title='bbox 748 1965 879 2022; x_wconf 82' lang='lat' dir='ltr'><strong>homines</strong></span> <span class='ocrx_word' id='word_1_231' title='bbox 894 1980 992 2022; x_wconf 89' lang='lat' dir='ltr'><strong>secum</strong></span> <span class='ocrx_word' id='word_1_232' title='bbox 1008 1963 1233 2021; x_wconf 88' lang='lat' dir='ltr'><strong>circumferens:</strong></span> <span class='ocrx_word' id='word_1_233' title='bbox 1245 1983 1258 2016; x_wconf 80' lang='lat' dir='ltr'><strong>e</strong></span> <span class='ocrx_word' id='word_1_234' title='bbox 1274 1963 1336 2020; x_wconf 84' lang='lat' dir='ltr'><strong>haec</strong></span> 
     </span>
     <span class='ocr_line' id='line_1_23' title="bbox 107 2033 1334 2106; baseline 0.001 -17"><span class='ocrx_word' id='word_1_235' title='bbox 107 2034 292 2102; x_wconf 83' lang='lat' dir='ltr'><strong>examinaret,</strong></span> <span class='ocrx_word' id='word_1_236' title='bbox 313 2041 394 2092; x_wconf 81' lang='lat' dir='ltr'><strong>extra</strong></span> <span class='ocrx_word' id='word_1_237' title='bbox 410 2035 563 2092; x_wconf 89' lang='lat' dir='ltr'><strong>tumultum</strong></span> <span class='ocrx_word' id='word_1_238' title='bbox 579 2041 607 2092; x_wconf 88' lang='lat' dir='ltr'><strong>et</strong></span> <span class='ocrx_word' id='word_1_239' title='bbox 621 2042 693 2092; x_wconf 91' lang='lat' dir='ltr'><strong>stre·</strong></span> <span class='ocrx_word' id='word_1_240' title='bbox 749 2039 967 2106; x_wconf 76' lang='lat' dir='ltr'><strong>chrysostomus.</strong></span> <span class='ocrx_word' id='word_1_241' title='bbox 981 2036 1141 2094; x_wconf 87' lang='lat' dir='ltr'><strong>Secundum</strong></span> <span class='ocrx_word' id='word_1_242' title='bbox 1155 2033 1334 2091; x_wconf 82' lang='lat' dir='ltr'><strong>divinitatem</strong></span> 
     </span>
     <span class='ocr_line' id='line_1_24' title="bbox 108 2105 1335 2179; baseline 0.002 -19"><span class='ocrx_word' id='word_1_243' title='bbox 108 2105 194 2176; x_wconf 92' lang='lat' dir='ltr'><strong>pitum</strong></span> <span class='ocrx_word' id='word_1_244' title='bbox 208 2107 390 2174; x_wconf 77' lang='lat' dir='ltr'><strong>ludaeorum,</strong></span> <span class='ocrx_word' id='word_1_245' title='bbox 407 2105 455 2179; x_wconf 91' lang='lat' dir='ltr'><strong>qui</strong></span> <span class='ocrx_word' id='word_1_246' title='bbox 472 2122 527 2162; x_wconf 92' lang='lat' dir='ltr'><strong>non</strong></span> <span class='ocrx_word' id='word_1_247' title='bbox 548 2107 694 2164; x_wconf 78' lang='lat' dir='ltr'><strong>audebant</strong></span> <span class='ocrx_word' id='word_1_248' title='bbox 749 2107 846 2165; x_wconf 91' lang='lat' dir='ltr'><strong>omnia</strong></span> <span class='ocrx_word' id='word_1_249' title='bbox 855 2114 924 2164; x_wconf 83' lang='lat' dir='ltr'><strong>sunt</strong></span> <span class='ocrx_word' id='word_1_250' title='bbox 946 2108 1077 2178; x_wconf 88' lang='lat' dir='ltr'><strong>subjecta</strong></span> <span class='ocrx_word' id='word_1_251' title='bbox 1094 2106 1221 2174; x_wconf 89' lang='lat' dir='ltr'><strong>Christo;</strong></span> <span class='ocrx_word' id='word_1_252' title='bbox 1238 2113 1335 2162; x_wconf 90' lang='lat' dir='ltr'><strong>tamen</strong></span> 
     </span>
     <span class='ocr_line' id='line_1_25' title="bbox 108 2177 1334 2251; baseline 0.001 -20"><span class='ocrx_word' id='word_1_253' title='bbox 108 2179 211 2234; x_wconf 87' lang='lat' dir='ltr'><strong>intrare</strong></span> <span class='ocrx_word' id='word_1_254' title='bbox 230 2177 413 2251; x_wconf 74' lang='lat' dir='ltr'><strong>praetorium,</strong></span> <span class='ocrx_word' id='word_1_255' title='bbox 433 2185 458 2234; x_wconf 83' lang='lat' dir='ltr'><strong>et</strong></span> <span class='ocrx_word' id='word_1_256' title='bbox 477 2181 586 2236; x_wconf 83' lang='lat' dir='ltr'><strong>vocavit</strong></span> <span class='ocrx_word' id='word_1_257' title='bbox 601 2181 693 2234; x_wconf 84' lang='lat' dir='ltr'><strong>lesum</strong></span> <span class='ocrx_word' id='word_1_258' title='bbox 748 2185 886 2251; x_wconf 87' lang='lat' dir='ltr'><strong>quantum</strong></span> <span class='ocrx_word' id='word_1_259' title='bbox 901 2179 937 2236; x_wconf 90' lang='lat' dir='ltr'><strong>nd</strong></span> <span class='ocrx_word' id='word_1_260' title='bbox 960 2177 1167 2234; x_wconf 83' lang='lat' dir='ltr'><strong>humanitatem</strong></span> <span class='ocrx_word' id='word_1_261' title='bbox 1188 2179 1216 2232; x_wconf 92' lang='lat' dir='ltr'><strong>in</strong></span> <span class='ocrx_word' id='word_1_262' title='bbox 1241 2179 1334 2248; x_wconf 91' lang='lat' dir='ltr'><strong>primo</strong></span> 
     </span>
     <span class='ocr_line' id='line_1_26' title="bbox 108 2248 1334 2319; baseline 0.001 -16"><span class='ocrx_word' id='word_1_263' title='bbox 108 2255 132 2303; x_wconf 85' lang='lat' dir='ltr'><strong>et</strong></span> <span class='ocrx_word' id='word_1_264' title='bbox 146 2249 221 2306; x_wconf 83' lang='lat' dir='ltr'><strong>dicit</strong></span> <span class='ocrx_word' id='word_1_265' title='bbox 244 2253 272 2306; x_wconf 86' lang='lat' dir='ltr'><strong>ei</strong></span> <span class='ocrx_word' id='word_1_266' title='bbox 289 2269 298 2305; x_wconf 92' lang='grc'><strong>.·</strong></span> <span class='ocrx_word' id='word_1_267' title='bbox 316 2252 366 2319; x_wconf 84' lang='lat' dir='ltr'><strong>f&#39;u,</strong></span> <span class='ocrx_word' id='word_1_268' title='bbox 388 2266 415 2305; x_wconf 89' lang='lat' dir='ltr'><strong>es</strong></span> <span class='ocrx_word' id='word_1_269' title='bbox 436 2253 496 2307; x_wconf 78' lang='lat' dir='ltr'><strong>lien</strong></span> <span class='ocrx_word' id='word_1_270' title='bbox 514 2251 694 2307; x_wconf 77' lang='lat' dir='ltr'><strong>iudeorum?</strong></span> <span class='ocrx_word' id='word_1_271' title='bbox 748 2251 870 2308; x_wconf 82' lang='lat' dir='ltr'><strong>adventu</strong></span> <span class='ocrx_word' id='word_1_272' title='bbox 887 2267 938 2307; x_wconf 91' lang='lat' dir='ltr'><strong>suo</strong></span> <span class='ocrx_word' id='word_1_273' title='bbox 953 2267 1011 2306; x_wconf 91' lang='lat' dir='ltr'><strong>non</strong></span> <span class='ocrx_word' id='word_1_274' title='bbox 1028 2248 1105 2305; x_wconf 85' lang='lat' dir='ltr'><strong>venit</strong></span> <span class='ocrx_word' id='word_1_275' title='bbox 1125 2249 1162 2306; x_wconf 89' lang='lat' dir='ltr'><strong>ad</strong></span> <span class='ocrx_word' id='word_1_276' title='bbox 1181 2248 1334 2304; x_wconf 89' lang='lat' dir='ltr'><strong>dominan-</strong></span> 
     </span>
     <span class='ocr_line' id='line_1_27' title="bbox 108 2317 1334 2450; baseline 0 -76"><span class='ocrx_word' id='word_1_277' title='bbox 108 2319 191 2386; x_wconf 85' lang='lat' dir='ltr'><strong>Quasi</strong></span> <span class='ocrx_word' id='word_1_278' title='bbox 205 2321 231 2378; x_wconf 88' lang='lat' dir='ltr'><strong>ei</strong></span> <span class='ocrx_word' id='word_1_279' title='bbox 247 2319 360 2378; x_wconf 91' lang='lat' dir='ltr'><strong>diceret</strong></span> <span class='ocrx_word' id='word_1_280' title='bbox 378 2338 386 2376; x_wconf 75' lang='grc' dir='ltr'>ι</span> <span class='ocrx_word' id='word_1_281' title='bbox 404 2323 490 2378; x_wconf 85' lang='lat' dir='ltr'><strong>Estne</strong></span> <span class='ocrx_word' id='word_1_282' title='bbox 513 2323 568 2378; x_wconf 92' lang='lat' dir='ltr'><strong>hoc</strong></span> <span class='ocrx_word' id='word_1_283' title='bbox 594 2337 693 2379; x_wconf 80' lang='lat' dir='ltr'><strong>verum</strong></span> <span class='ocrx_word' id='word_1_284' title='bbox 748 2323 815 2380; x_wconf 90' lang='lat' dir='ltr'><strong>dum</strong></span> <span class='ocrx_word' id='word_1_285' title='bbox 824 2321 1020 2450; x_wconf 70' lang='lat' dir='ltr'><strong>temporaliter</strong></span> <span class='ocrx_word' id='word_1_286' title='bbox 1035 2328 1063 2376; x_wconf 88' lang='lat' dir='ltr'><strong>et</strong></span> <span class='ocrx_word' id='word_1_287' title='bbox 1073 2319 1268 2392; x_wconf 81' lang='lat' dir='ltr'><strong>regnandum;</strong></span> <span class='ocrx_word' id='word_1_288' title='bbox 1284 2317 1334 2374; x_wconf 85' lang='lat' dir='ltr'><strong>scd</strong></span> 
     </span>
     <span class='ocr_line' id='line_1_28' title="bbox 107 2389 1332 2464; baseline -0.002 -17"><span class='ocrx_word' id='word_1_289' title='bbox 107 2391 179 2462; x_wconf 85' lang='lat' dir='ltr'><strong>quod</strong></span> <span class='ocrx_word' id='word_1_290' title='bbox 197 2392 250 2450; x_wconf 86' lang='lat' dir='ltr'><strong>tibi</strong></span> <span class='ocrx_word' id='word_1_291' title='bbox 274 2395 311 2450; x_wconf 91' lang='lat' dir='ltr'><strong>ah</strong></span> <span class='ocrx_word' id='word_1_292' title='bbox 330 2391 389 2448; x_wconf 90' lang='lat' dir='ltr'><strong>istis</strong></span> <span class='ocrx_word' id='word_1_293' title='bbox 403 2391 571 2464; x_wconf 88' lang='lat' dir='ltr'><strong>imponitur,</strong></span> <span class='ocrx_word' id='word_1_294' title='bbox 587 2392 693 2450; x_wconf 89' lang='lat' dir='ltr'><strong>scilicet</strong></span> <span class='ocrx_word' id='word_1_295' title='bbox 749 2411 775 2450; x_wconf 93' lang='lat' dir='ltr'><strong>m</strong></span> <span class='ocrx_word' id='word_1_296' title='bbox 797 2393 871 2450; x_wconf 72' lang='lat' dir='ltr'><strong>vise</strong></span> <span class='ocrx_word' id='word_1_297' title='bbox 905 2392 1090 2450; x_wconf 88' lang='lat' dir='ltr'><strong>serviendum</strong></span> <span class='ocrx_word' id='word_1_298' title='bbox 1108 2389 1332 2464; x_wconf 80' lang='lat' dir='ltr'><strong>etpatie&#39;ndum.</strong></span> 
     </span>
     <span class='ocr_line' id='line_1_29' title="bbox 108 2461 1335 2536; baseline 0 -19"><span class='ocrx_word' id='word_1_299' title='bbox 108 2463 180 2534; x_wconf 89' lang='lat' dir='ltr'><strong>quod</strong></span> <span class='ocrx_word' id='word_1_300' title='bbox 195 2463 267 2521; x_wconf 80' lang='lat' dir='ltr'><strong>selis</strong></span> <span class='ocrx_word' id='word_1_301' title='bbox 284 2463 335 2521; x_wconf 91' lang='lat' dir='ltr'><strong>tihi</strong></span> <span class='ocrx_word' id='word_1_302' title='bbox 349 2479 490 2536; x_wconf 89' lang='lat' dir='ltr'><strong>usurpare</strong></span> <span class='ocrx_word' id='word_1_303' title='bbox 503 2479 633 2536; x_wconf 82' lang='lat' dir='ltr'><strong>regnum,</strong></span> <span class='ocrx_word' id='word_1_304' title='bbox 649 2465 693 2522; x_wconf 84' lang='lat' dir='ltr'><strong>vel</strong></span> <span class='ocrx_word' id='word_1_305' title='bbox 749 2467 790 2523; x_wconf 92' lang='lat' dir='ltr'><strong>Un</strong></span> <span class='ocrx_word' id='word_1_306' title='bbox 812 2481 899 2522; x_wconf 92' lang='lat' dir='ltr'><strong>enon</strong></span> <span class='ocrx_word' id='word_1_307' title='bbox 915 2481 950 2522; x_wconf 92' lang='lat' dir='ltr'><strong>ne</strong></span> <span class='ocrx_word' id='word_1_308' title='bbox 971 2470 1000 2522; x_wconf 91' lang='lat' dir='ltr'><strong>at</strong></span> <span class='ocrx_word' id='word_1_309' title='bbox 1019 2481 1050 2521; x_wconf 90' lang='lat' dir='ltr'><strong>se</strong></span> <span class='ocrx_word' id='word_1_310' title='bbox 1070 2480 1132 2521; x_wconf 89' lang='lat' dir='ltr'><strong>esse</strong></span> <span class='ocrx_word' id='word_1_311' title='bbox 1148 2465 1265 2534; x_wconf 77' lang='lat' dir='ltr'><strong>Regem,</strong></span> <span class='ocrx_word' id='word_1_312' title='bbox 1284 2461 1335 2518; x_wconf 90' lang='lat' dir='ltr'><strong>sed</strong></span> 
     </span>
     <span class='ocr_line' id='line_1_30' title="bbox 108 2481 1333 2609; baseline -0.002 -18"><span class='ocrx_word' id='word_1_313' title='bbox 108 2536 180 2604; x_wconf 85' lang='lat' dir='ltr'><strong>quod</strong></span> <span class='ocrx_word' id='word_1_314' title='bbox 194 2536 233 2592; x_wconf 87' lang='lat' dir='ltr'><strong>sis</strong></span> <span class='ocrx_word' id='word_1_315' title='bbox 253 2537 315 2592; x_wconf 85' lang='lat' dir='ltr'><strong>Rex</strong></span> <span class='ocrx_word' id='word_1_316' title='bbox 337 2535 516 2604; x_wconf 76' lang='lat' dir='ltr'><strong>iudeorum,</strong></span> <span class='ocrx_word' id='word_1_317' title='bbox 536 2536 693 2593; x_wconf 91' lang='lat' dir='ltr'><strong>secundum</strong></span> <span class='ocrx_word' id='word_1_318' title='bbox 750 2537 840 2609; x_wconf 84' lang='lat' dir='ltr'><strong>magis</strong></span> <span class='ocrx_word' id='word_1_319' title='bbox 859 2481 999 2606; x_wconf 45' lang='lat' dir='ltr'><strong>concedit,</strong></span> <span class='ocrx_word' id='word_1_320' title='bbox 1015 2535 1083 2608; x_wconf 87' lang='lat' dir='ltr'><strong>quia</strong></span> <span class='ocrx_word' id='word_1_321' title='bbox 1108 2535 1264 2592; x_wconf 90' lang='lat' dir='ltr'><strong>secundnm</strong></span> <span class='ocrx_word' id='word_1_322' title='bbox 1284 2549 1333 2589; x_wconf 86' lang='lat' dir='ltr'><strong>ve·</strong></span> 
     </span>
     <span class='ocr_line' id='line_1_31' title="bbox 108 2607 1335 2680; baseline 0.002 -20"><span class='ocrx_word' id='word_1_323' title='bbox 108 2607 180 2675; x_wconf 84' lang='lat' dir='ltr'><strong>quod</strong></span> <span class='ocrx_word' id='word_1_324' title='bbox 199 2614 341 2665; x_wconf 86' lang='lat' dir='ltr'><strong>accusant</strong></span> <span class='ocrx_word' id='word_1_325' title='bbox 355 2607 407 2663; x_wconf 87' lang='lat' dir='ltr'><strong>tef</strong></span> <span class='ocrx_word' id='word_1_326' title='bbox 432 2608 582 2675; x_wconf 83' lang='lat' dir='ltr'><strong>Ouaerebat</strong></span> <span class='ocrx_word' id='word_1_327' title='bbox 596 2613 693 2664; x_wconf 92' lang='lat' dir='ltr'><strong>utrum</strong></span> <span class='ocrx_word' id='word_1_328' title='bbox 749 2608 862 2666; x_wconf 88' lang='lat' dir='ltr'><strong>ritatem</strong></span> <span class='ocrx_word' id='word_1_329' title='bbox 883 2607 945 2680; x_wconf 88' lang='lat' dir='ltr'><strong>ipse</strong></span> <span class='ocrx_word' id='word_1_330' title='bbox 972 2613 1035 2666; x_wconf 90' lang='lat' dir='ltr'><strong>erat</strong></span> <span class='ocrx_word' id='word_1_331' title='bbox 1053 2609 1110 2664; x_wconf 83' lang='lat' dir='ltr'><strong>lien</strong></span> <span class='ocrx_word' id='word_1_332' title='bbox 1132 2621 1256 2678; x_wconf 77' lang='lat' dir='ltr'><strong>regum3</strong></span> <span class='ocrx_word' id='word_1_333' title='bbox 1281 2620 1335 2662; x_wconf 88' lang='lat' dir='ltr'><strong>ve-</strong></span> 
     </span>
     <span class='ocr_line' id='line_1_32' title="bbox 108 2679 1334 2750; baseline 0.001 -19"><span class='ocrx_word' id='word_1_334' title='bbox 108 2683 180 2734; x_wconf 90' lang='lat' dir='ltr'><strong>esset</strong></span> <span class='ocrx_word' id='word_1_335' title='bbox 196 2696 245 2736; x_wconf 82' lang='lat' dir='ltr'><strong>ren</strong></span> <span class='ocrx_word' id='word_1_336' title='bbox 259 2679 387 2750; x_wconf 84' lang='lat' dir='ltr'><strong>dejure,</strong></span> <span class='ocrx_word' id='word_1_337' title='bbox 403 2679 516 2750; x_wconf 85' lang='lat' dir='ltr'><strong>quiade</strong></span> <span class='ocrx_word' id='word_1_338' title='bbox 528 2679 602 2736; x_wconf 84' lang='lat' dir='ltr'><strong>facto</strong></span> <span class='ocrx_word' id='word_1_339' title='bbox 618 2695 693 2736; x_wconf 85' lang='lat' dir='ltr'><strong>con·</strong></span> <span class='ocrx_word' id='word_1_340' title='bbox 748 2685 909 2738; x_wconf 89' lang='lat' dir='ltr'><strong>rumtamen</strong></span> <span class='ocrx_word' id='word_1_341' title='bbox 925 2681 961 2737; x_wconf 91' lang='lat' dir='ltr'><strong>ad</strong></span> <span class='ocrx_word' id='word_1_342' title='bbox 979 2679 1138 2737; x_wconf 92' lang='lat' dir='ltr'><strong>tollendum</strong></span> <span class='ocrx_word' id='word_1_343' title='bbox 1153 2679 1334 2734; x_wconf 82' lang='lat' dir='ltr'><strong>occasionem</strong></span> 
     </span>
     <span class='ocr_line' id='line_1_33' title="bbox 106 2745 1335 2822; baseline 0.001 -20"><span class='ocrx_word' id='word_1_344' title='bbox 106 2749 195 2806; x_wconf 89' lang='lat' dir='ltr'><strong>stabat</strong></span> <span class='ocrx_word' id='word_1_345' title='bbox 209 2749 307 2822; x_wconf 90' lang='lat' dir='ltr'><strong>ipsum</strong></span> <span class='ocrx_word' id='word_1_346' title='bbox 322 2766 420 2820; x_wconf 76' lang='lat' dir='ltr'><strong>regem</strong></span> <span class='ocrx_word' id='word_1_347' title='bbox 432 2767 490 2806; x_wconf 91' lang='lat' dir='ltr'><strong>uon</strong></span> <span class='ocrx_word' id='word_1_348' title='bbox 501 2765 574 2806; x_wconf 90' lang='lat' dir='ltr'><strong>esse.</strong></span> <span class='ocrx_word' id='word_1_349' title='bbox 592 2753 635 2816; x_wconf 81' lang='lat' dir='ltr'><strong>lit,</strong></span> <span class='ocrx_word' id='word_1_350' title='bbox 651 2767 695 2807; x_wconf 91' lang='lat' dir='ltr'><strong>se·</strong></span> <span class='ocrx_word' id='word_1_351' title='bbox 748 2751 900 2820; x_wconf 84' lang='lat' dir='ltr'><strong>evadendi,</strong></span> <span class='ocrx_word' id='word_1_352' title='bbox 927 2759 1067 2822; x_wconf 84' lang='lat' dir='ltr'><strong>temperat</strong></span> <span class='ocrx_word' id='word_1_353' title='bbox 1085 2765 1166 2807; x_wconf 88' lang='lat' dir='ltr'><strong>suam</strong></span> <span class='ocrx_word' id='word_1_354' title='bbox 1186 2745 1335 2821; x_wconf 90' lang='lat' dir='ltr'><strong>responsi·</strong></span> 
     </span>
     <span class='ocr_line' id='line_1_34' title="bbox 107 2819 1335 2894; baseline 0.002 -21"><span class='ocrx_word' id='word_1_355' title='bbox 107 2821 228 2878; x_wconf 89' lang='lat' dir='ltr'><strong>cundum</strong></span> <span class='ocrx_word' id='word_1_356' title='bbox 239 2823 435 2894; x_wconf 77' lang='lat' dir='ltr'><strong>Theophilum,</strong></span> <span class='ocrx_word' id='word_1_357' title='bbox 445 2821 694 2894; x_wconf 81' lang='lat' dir='ltr'><strong>hocinterrogavit</strong></span> <span class='ocrx_word' id='word_1_358' title='bbox 748 2839 843 2892; x_wconf 90' lang='lat' dir='ltr'><strong>onem,</strong></span> <span class='ocrx_word' id='word_1_359' title='bbox 854 2823 965 2892; x_wconf 88' lang='lat' dir='ltr'><strong>dicens,</strong></span> <span class='ocrx_word' id='word_1_360' title='bbox 977 2823 1052 2894; x_wconf 88' lang='lat' dir='ltr'><strong>quod</strong></span> <span class='ocrx_word' id='word_1_361' title='bbox 1064 2837 1121 2878; x_wconf 89' lang='lat' dir='ltr'><strong>uon</strong></span> <span class='ocrx_word' id='word_1_362' title='bbox 1132 2819 1236 2892; x_wconf 85' lang='lat' dir='ltr'><strong>quaerit</strong></span> <span class='ocrx_word' id='word_1_363' title='bbox 1246 2819 1335 2890; x_wconf 85' lang='lat' dir='ltr'><strong>hujus</strong></span> 
     </span>
     <span class='ocr_line' id='line_1_35' title="bbox 108 2891 1334 2966; baseline 0.002 -22"><span class='ocrx_word' id='word_1_364' title='bbox 108 2891 222 2962; x_wconf 88' lang='lat' dir='ltr'><strong>Pilatus,</strong></span> <span class='ocrx_word' id='word_1_365' title='bbox 238 2893 553 2964; x_wconf 79' lang='lat' dir='ltr'><strong>contemptumobjecti</strong></span> <span class='ocrx_word' id='word_1_366' title='bbox 564 2893 693 2950; x_wconf 89' lang='lat' dir='ltr'><strong>criminis</strong></span> <span class='ocrx_word' id='word_1_367' title='bbox 749 2895 848 2951; x_wconf 92' lang='lat' dir='ltr'><strong>mundi</strong></span> <span class='ocrx_word' id='word_1_368' title='bbox 878 2895 1066 2966; x_wconf 90' lang='lat' dir='ltr'><strong>temporalem</strong></span> <span class='ocrx_word' id='word_1_369' title='bbox 1094 2891 1334 2960; x_wconf 89' lang='lat' dir='ltr'><strong>dominationem,</strong></span> 
     </span>
     <span class='ocr_line' id='line_1_36' title="bbox 107 2963 1334 3039; baseline 0.001 -22"><span class='ocrx_word' id='word_1_370' title='bbox 107 2967 133 3018; x_wconf 92' lang='lat' dir='ltr'><strong>et</strong></span> <span class='ocrx_word' id='word_1_371' title='bbox 149 2964 363 3022; x_wconf 82' lang='lat' dir='ltr'><strong>accusationem</strong></span> <span class='ocrx_word' id='word_1_372' title='bbox 386 2965 552 3022; x_wconf 84' lang='lat' dir='ltr'><strong>Judaeorum</strong></span> <span class='ocrx_word' id='word_1_373' title='bbox 574 2967 692 3021; x_wconf 84' lang='lat' dir='ltr'><strong>subsau·</strong></span> <span class='ocrx_word' id='word_1_374' title='bbox 747 2968 815 3038; x_wconf 90' lang='lat' dir='ltr'><strong>quia</strong></span> <span class='ocrx_word' id='word_1_375' title='bbox 834 2981 955 3039; x_wconf 84' lang='lat' dir='ltr'><strong>regnum</strong></span> <span class='ocrx_word' id='word_1_376' title='bbox 979 2981 1060 3022; x_wconf 91' lang='lat' dir='ltr'><strong>suum</strong></span> <span class='ocrx_word' id='word_1_377' title='bbox 1088 2969 1204 3020; x_wconf 90' lang='lat' dir='ltr'><strong>nonest</strong></span> <span class='ocrx_word' id='word_1_378' title='bbox 1227 2963 1264 3019; x_wconf 86' lang='lat' dir='ltr'><strong>de</strong></span> <span class='ocrx_word' id='word_1_379' title='bbox 1281 2963 1334 3018; x_wconf 90' lang='lat' dir='ltr'><strong>hoc</strong></span> 
     </span>
     <span class='ocr_line' id='line_1_37' title="bbox 108 3031 1336 3110; baseline 0.002 -22"><span class='ocrx_word' id='word_1_380' title='bbox 108 3036 210 3092; x_wconf 91' lang='lat' dir='ltr'><strong>nando.</strong></span> <span class='ocrx_word' id='word_1_381' title='bbox 235 3035 323 3106; x_wconf 87' lang='lat' dir='ltr'><strong>Quasi</strong></span> <span class='ocrx_word' id='word_1_382' title='bbox 344 3035 453 3093; x_wconf 89' lang='lat' dir='ltr'><strong>diceret</strong></span> <span class='ocrx_word' id='word_1_383' title='bbox 479 3055 485 3093; x_wconf 93' lang='lat'>:</span> <span class='ocrx_word' id='word_1_384' title='bbox 506 3039 548 3092; x_wconf 86' lang='lat' dir='ltr'><strong>Tu</strong></span> <span class='ocrx_word' id='word_1_385' title='bbox 573 3051 691 3110; x_wconf 90' lang='lat' dir='ltr'><strong>pauper,</strong></span> <span class='ocrx_word' id='word_1_386' title='bbox 747 3037 864 3106; x_wconf 90' lang='lat' dir='ltr'><strong>mundo,</strong></span> <span class='ocrx_word' id='word_1_387' title='bbox 881 3041 1019 3109; x_wconf 86' lang='lat' dir='ltr'><strong>quantum</strong></span> <span class='ocrx_word' id='word_1_388' title='bbox 1034 3035 1071 3092; x_wconf 90' lang='lat' dir='ltr'><strong>ad</strong></span> <span class='ocrx_word' id='word_1_389' title='bbox 1090 3033 1262 3107; x_wconf 88' lang='lat' dir='ltr'><strong>temporalia</strong></span> <span class='ocrx_word' id='word_1_390' title='bbox 1279 3031 1336 3090; x_wconf 88' lang='lat' dir='ltr'><strong>iste</strong></span> 
     </span>
     <span class='ocr_line' id='line_1_38' title="bbox 107 3105 1333 3181; baseline 0.002 -22"><span class='ocrx_word' id='word_1_391' title='bbox 107 3105 229 3176; x_wconf 89' lang='lat' dir='ltr'><strong>humilis,</strong></span> <span class='ocrx_word' id='word_1_392' title='bbox 255 3107 362 3177; x_wconf 91' lang='lat' dir='ltr'><strong>nudus,</strong></span> <span class='ocrx_word' id='word_1_393' title='bbox 383 3106 429 3164; x_wconf 91' lang='lat' dir='ltr'><strong>cui</strong></span> <span class='ocrx_word' id='word_1_394' title='bbox 447 3107 543 3164; x_wconf 92' lang='lat' dir='ltr'><strong>nullus</strong></span> <span class='ocrx_word' id='word_1_395' title='bbox 567 3108 690 3178; x_wconf 85' lang='lat' dir='ltr'><strong>ad&#39;utor,</strong></span> <span class='ocrx_word' id='word_1_396' title='bbox 747 3109 901 3181; x_wconf 71' lang='lat' dir='ltr'><strong>quaerenda</strong></span> <span class='ocrx_word' id='word_1_397' title='bbox 916 3115 945 3164; x_wconf 92' lang='lat' dir='ltr'><strong>et</strong></span> <span class='ocrx_word' id='word_1_398' title='bbox 959 3108 1102 3165; x_wconf 86' lang='lat' dir='ltr'><strong>habende.</strong></span> <span class='ocrx_word' id='word_1_399' title='bbox 1120 3108 1154 3162; x_wconf 84' lang='lat' dir='ltr'><strong>Et</strong></span> <span class='ocrx_word' id='word_1_400' title='bbox 1168 3121 1269 3163; x_wconf 89' lang='lat' dir='ltr'><strong>revera</strong></span> <span class='ocrx_word' id='word_1_401' title='bbox 1287 3121 1333 3161; x_wconf 91' lang='lat' dir='ltr'><strong>re-</strong></span> 
     </span>
     <span class='ocr_line' id='line_1_39' title="bbox 106 3125 1336 3258; baseline 0.002 -28"><span class='ocrx_word' id='word_1_402' title='bbox 106 3180 247 3236; x_wconf 88' lang='lat' dir='ltr'><strong>accusaris</strong></span> <span class='ocrx_word' id='word_1_403' title='bbox 257 3179 295 3236; x_wconf 90' lang='lat' dir='ltr'><strong>de</strong></span> <span class='ocrx_word' id='word_1_404' title='bbox 304 3178 386 3251; x_wconf 84' lang='lat' dir='ltr'><strong>regni</strong></span> <span class='ocrx_word' id='word_1_405' title='bbox 399 3125 691 3250; x_wconf 59' lang='lat' dir='ltr'><strong>enihitionemtiquod</strong></span> <span class='ocrx_word' id='word_1_406' title='bbox 746 3195 835 3251; x_wconf 77' lang='lat' dir='ltr'><strong>gnum</strong></span> <span class='ocrx_word' id='word_1_407' title='bbox 851 3180 912 3251; x_wconf 88' lang='lat' dir='ltr'><strong>ejus</strong></span> <span class='ocrx_word' id='word_1_408' title='bbox 933 3195 1025 3250; x_wconf 85' lang='lat' dir='ltr'><strong>neque</strong></span> <span class='ocrx_word' id='word_1_409' title='bbox 1041 3177 1158 3248; x_wconf 83' lang='lat' dir='ltr'><strong>ludaeis,</strong></span> <span class='ocrx_word' id='word_1_410' title='bbox 1174 3193 1266 3258; x_wconf 87' lang='lat' dir='ltr'><strong>neque</strong></span> <span class='ocrx_word' id='word_1_411' title='bbox 1282 3177 1336 3258; x_wconf 69' lang='lat' dir='ltr'><strong>lio·</strong></span> 
     </span>
     <span class='ocr_line' id='line_1_40' title="bbox 107 3249 1337 3330; baseline 0 -26"><span class='ocrx_word' id='word_1_412' title='bbox 107 3263 175 3320; x_wconf 88' lang='lat' dir='ltr'><strong>opus</strong></span> <span class='ocrx_word' id='word_1_413' title='bbox 193 3257 237 3307; x_wconf 92' lang='lat' dir='ltr'><strong>est</strong></span> <span class='ocrx_word' id='word_1_414' title='bbox 252 3251 409 3307; x_wconf 91' lang='lat' dir='ltr'><strong>multorum</strong></span> <span class='ocrx_word' id='word_1_415' title='bbox 425 3250 587 3322; x_wconf 78' lang='lat' dir='ltr'><strong>adJutorum</strong></span> <span class='ocrx_word' id='word_1_416' title='bbox 607 3257 692 3322; x_wconf 85' lang='lat' dir='ltr'><strong>etque</strong></span> <span class='ocrx_word' id='word_1_417' title='bbox 747 3250 841 3307; x_wconf 91' lang='lat' dir='ltr'><strong>manis</strong></span> <span class='ocrx_word' id='word_1_418' title='bbox 854 3251 1006 3307; x_wconf 83' lang='lat' dir='ltr'><strong>adversum</strong></span> <span class='ocrx_word' id='word_1_419' title='bbox 1018 3255 1090 3317; x_wconf 87' lang='lat' dir='ltr'><strong>erat,</strong></span> <span class='ocrx_word' id='word_1_420' title='bbox 1101 3265 1153 3304; x_wconf 90' lang='lat' dir='ltr'><strong>nec</strong></span> <span class='ocrx_word' id='word_1_421' title='bbox 1167 3249 1337 3330; x_wconf 78' lang='lat' dir='ltr'><strong>dominatio·</strong></span> 
     </span>
     <span class='ocr_line' id='line_1_41' title="bbox 107 3319 1336 3394; baseline 0 -20"><span class='ocrx_word' id='word_1_422' title='bbox 107 3327 285 3394; x_wconf 89' lang='lat' dir='ltr'><strong>sumptuum.</strong></span> <span class='ocrx_word' id='word_1_423' title='bbox 311 3323 354 3390; x_wconf 88' lang='lat' dir='ltr'><strong>Et,</strong></span> <span class='ocrx_word' id='word_1_424' title='bbox 382 3338 426 3378; x_wconf 88' lang='lat' dir='ltr'><strong>res</strong></span> <span class='ocrx_word' id='word_1_425' title='bbox 447 3325 526 3378; x_wconf 87' lang='lat' dir='ltr'><strong>ondit</strong></span> <span class='ocrx_word' id='word_1_426' title='bbox 539 3325 617 3378; x_wconf 79' lang='lat' dir='ltr'><strong>lesus</strong></span> <span class='ocrx_word' id='word_1_427' title='bbox 637 3341 645 3377; x_wconf 76' lang='grc' dir='ltr'><strong><em>ε</em></strong></span> <span class='ocrx_word' id='word_1_428' title='bbox 666 3323 692 3378; x_wconf 80' lang='grc' dir='ltr'><strong>Α</strong></span> <span class='ocrx_word' id='word_1_429' title='bbox 748 3319 1336 3393; x_wconf 72' lang='lat' dir='ltr'><strong>nemeorumimpediebat3quiarps1ten·</strong></span> 
     </span>
     <span class='ocr_line' id='line_1_42' title="bbox 107 3339 1337 3474; baseline 0.001 -30"><span class='ocrx_word' id='word_1_430' title='bbox 107 3395 245 3474; x_wconf 82' lang='lat' dir='ltr'><strong>temetipso</strong></span> <span class='ocrx_word' id='word_1_431' title='bbox 261 3393 407 3462; x_wconf 81' lang='lat' dir='ltr'><strong>hoedinis,</strong></span> <span class='ocrx_word' id='word_1_432' title='bbox 424 3339 478 3450; x_wconf 52' lang='lat' dir='ltr'><strong>Hoc</strong></span> <span class='ocrx_word' id='word_1_433' title='bbox 497 3397 550 3463; x_wconf 89' lang='lat' dir='ltr'><strong>est,</strong></span> <span class='ocrx_word' id='word_1_434' title='bbox 570 3393 647 3466; x_wconf 90' lang='lat' dir='ltr'><strong>quod</strong></span> <span class='ocrx_word' id='word_1_435' title='bbox 662 3397 692 3450; x_wconf 91' lang='lat' dir='ltr'><strong>tu</strong></span> <span class='ocrx_word' id='word_1_436' title='bbox 747 3399 809 3450; x_wconf 91' lang='lat' dir='ltr'><strong>tum</strong></span> <span class='ocrx_word' id='word_1_437' title='bbox 825 3393 859 3450; x_wconf 93' lang='lat' dir='ltr'><strong>de</strong></span> <span class='ocrx_word' id='word_1_438' title='bbox 878 3407 969 3463; x_wconf 84' lang='lat' dir='ltr'><strong>reguo</strong></span> <span class='ocrx_word' id='word_1_439' title='bbox 995 3397 1120 3460; x_wconf 88' lang='lat' dir='ltr'><strong>terreno,</strong></span> <span class='ocrx_word' id='word_1_440' title='bbox 1136 3390 1212 3462; x_wconf 86' lang='lat' dir='ltr'><strong>quod</strong></span> <span class='ocrx_word' id='word_1_441' title='bbox 1230 3389 1265 3446; x_wconf 94' lang='lat' dir='ltr'><strong>de</strong></span> <span class='ocrx_word' id='word_1_442' title='bbox 1282 3391 1337 3446; x_wconf 94' lang='lat' dir='ltr'><strong>hoc</strong></span> 
     </span>
    </p>
   </div>
   <div class='ocr_carea' id='block_1_5' title="bbox 105 3463 694 4464">
    <p class='ocr_par' dir='ltr' id='par_1_6' title="bbox 105 3463 694 4464">
     <span class='ocr_line' id='line_1_43' title="bbox 108 3463 693 3537; baseline 0.007 -21"><span class='ocrx_word' id='word_1_443' title='bbox 108 3467 241 3534; x_wconf 75' lang='lat' dir='ltr'><strong>estimes,</strong></span> <span class='ocrx_word' id='word_1_444' title='bbox 263 3463 313 3537; x_wconf 87' lang='lat' dir='ltr'><strong>qui</strong></span> <span class='ocrx_word' id='word_1_445' title='bbox 334 3481 489 3536; x_wconf 87' lang='lat' dir='ltr'><strong>numquam</strong></span> <span class='ocrx_word' id='word_1_446' title='bbox 518 3481 563 3521; x_wconf 90' lang='lat' dir='ltr'><strong>me</strong></span> <span class='ocrx_word' id='word_1_447' title='bbox 597 3464 693 3522; x_wconf 81' lang='lat' dir='ltr'><strong>vidisti</strong></span> 
     </span>
     <span class='ocr_line' id='line_1_44' title="bbox 107 3533 694 3604; baseline 0.012 -18"><span class='ocrx_word' id='word_1_448' title='bbox 107 3533 209 3592; x_wconf 90' lang='lat' dir='ltr'><strong>talibus</strong></span> <span class='ocrx_word' id='word_1_449' title='bbox 227 3536 397 3604; x_wconf 87' lang='lat' dir='ltr'><strong>intendere;</strong></span> <span class='ocrx_word' id='word_1_450' title='bbox 414 3553 449 3592; x_wconf 84' lang='lat' dir='ltr'><strong>ort</strong></span> <span class='ocrx_word' id='word_1_451' title='bbox 464 3537 517 3592; x_wconf 86' lang='lat' dir='ltr'><strong>alii</strong></span> <span class='ocrx_word' id='word_1_452' title='bbox 537 3537 591 3592; x_wconf 85' lang='lat' dir='ltr'><strong>tibi</strong></span> <span class='ocrx_word' id='word_1_453' title='bbox 604 3537 694 3593; x_wconf 84' lang='lat' dir='ltr'><strong>dice-</strong></span> 
     </span>
     <span class='ocr_line' id='line_1_45' title="bbox 106 3608 693 3680; baseline 0.005 -19"><span class='ocrx_word' id='word_1_454' title='bbox 106 3612 170 3662; x_wconf 82' lang='lat' dir='ltr'><strong>runt</strong></span> <span class='ocrx_word' id='word_1_455' title='bbox 184 3608 218 3662; x_wconf 89' lang='lat' dir='ltr'><strong>de</strong></span> <span class='ocrx_word' id='word_1_456' title='bbox 233 3612 299 3663; x_wconf 85' lang='lat' dir='ltr'><strong>me?</strong></span> <span class='ocrx_word' id='word_1_457' title='bbox 319 3611 353 3678; x_wconf 83' lang='lat' dir='ltr'><strong>lit</strong></span> <span class='ocrx_word' id='word_1_458' title='bbox 366 3613 434 3664; x_wconf 89' lang='lat' dir='ltr'><strong>tunc</strong></span> <span class='ocrx_word' id='word_1_459' title='bbox 449 3623 590 3680; x_wconf 80' lang='lat' dir='ltr'><strong>cognosce</strong></span> <span class='ocrx_word' id='word_1_460' title='bbox 610 3608 693 3665; x_wconf 88' lang='lat' dir='ltr'><strong>radi-</strong></span> 
     </span>
     <span class='ocr_line' id='line_1_46' title="bbox 105 3677 693 3756; baseline 0.01 -26"><span class='ocrx_word' id='word_1_461' title='bbox 105 3689 164 3756; x_wconf 78' lang='lat' dir='ltr'><strong>cem</strong></span> <span class='ocrx_word' id='word_1_462' title='bbox 179 3677 259 3746; x_wconf 89' lang='lat' dir='ltr'><strong>dieti,</strong></span> <span class='ocrx_word' id='word_1_463' title='bbox 276 3681 382 3750; x_wconf 85' lang='lat' dir='ltr'><strong>en&#39;quo</strong></span> <span class='ocrx_word' id='word_1_464' title='bbox 398 3679 506 3736; x_wconf 91' lang='lat' dir='ltr'><strong>nullum</strong></span> <span class='ocrx_word' id='word_1_465' title='bbox 522 3679 693 3750; x_wconf 80' lang='lat' dir='ltr'><strong>signumta·</strong></span> 
     </span>
     <span class='ocr_line' id='line_1_47' title="bbox 106 3745 692 3822; baseline 0.012 -22"><span class='ocrx_word' id='word_1_466' title='bbox 106 3745 138 3801; x_wconf 83' lang='lat' dir='ltr'><strong>lis</strong></span> <span class='ocrx_word' id='word_1_467' title='bbox 151 3749 343 3806; x_wconf 87' lang='lat' dir='ltr'><strong>accusationis</strong></span> <span class='ocrx_word' id='word_1_468' title='bbox 362 3749 391 3806; x_wconf 92' lang='lat' dir='ltr'><strong>in</strong></span> <span class='ocrx_word' id='word_1_469' title='bbox 409 3767 454 3806; x_wconf 92' lang='lat' dir='ltr'><strong>me</strong></span> <span class='ocrx_word' id='word_1_470' title='bbox 470 3765 605 3822; x_wconf 88' lang='lat' dir='ltr'><strong>umquam</strong></span> <span class='ocrx_word' id='word_1_471' title='bbox 619 3749 692 3807; x_wconf 85' lang='lat' dir='ltr'><strong>vidi·</strong></span> 
     </span>
     <span class='ocr_line' id='line_1_48' title="bbox 107 3817 694 3894; baseline 0.01 -23"><span class='ocrx_word' id='word_1_472' title='bbox 107 3817 152 3874; x_wconf 92' lang='lat' dir='ltr'><strong>sti.</strong></span> <span class='ocrx_word' id='word_1_473' title='bbox 174 3822 327 3894; x_wconf 78' lang='lat' dir='ltr'><strong>Respondit</strong></span> <span class='ocrx_word' id='word_1_474' title='bbox 342 3824 450 3878; x_wconf 86' lang='lat' dir='ltr'><strong>Pilutus</strong></span> <span class='ocrx_word' id='word_1_475' title='bbox 464 3841 472 3877; x_wconf 75' lang='grc' dir='ltr'><strong><em>ε</em></strong></span> <span class='ocrx_word' id='word_1_476' title='bbox 488 3825 560 3880; x_wconf 83' lang='lat' dir='ltr'><strong>Num</strong></span> <span class='ocrx_word' id='word_1_477' title='bbox 582 3824 632 3878; x_wconf 87' lang='lat' dir='ltr'><strong>uid</strong></span> <span class='ocrx_word' id='word_1_478' title='bbox 645 3837 694 3892; x_wconf 73' lang='lat' dir='ltr'><strong>eno</strong></span> 
     </span>
     <span class='ocr_line' id='line_1_49' title="bbox 106 3839 579 3960; baseline 0.019 -18"><span class='ocrx_word' id='word_1_479' title='bbox 106 3890 216 3948; x_wconf 73' lang='lat' dir='ltr'><strong>ledeos</strong></span> <span class='ocrx_word' id='word_1_480' title='bbox 230 3897 314 3948; x_wconf 81' lang='lat' dir='ltr'><strong>som?</strong></span> <span class='ocrx_word' id='word_1_481' title='bbox 328 3892 414 3960; x_wconf 90' lang='lat' dir='ltr'><strong>Quasi</strong></span> <span class='ocrx_word' id='word_1_482' title='bbox 430 3891 548 3950; x_wconf 88' lang='lat' dir='ltr'><strong>Domino</strong></span> <span class='ocrx_word' id='word_1_483' title='bbox 562 3839 579 3950; x_wconf 60' lang='lat' dir='ltr'>g</span> 
     </span>
     <span class='ocr_line' id='line_1_50' title="bbox 108 3960 694 4034; baseline 0.01 -19"><span class='ocrx_word' id='word_1_484' title='bbox 108 3960 166 4017; x_wconf 88' lang='lat' dir='ltr'><strong>Non</strong></span> <span class='ocrx_word' id='word_1_485' title='bbox 192 3979 255 4020; x_wconf 91' lang='lat' dir='ltr'><strong>sum</strong></span> <span class='ocrx_word' id='word_1_486' title='bbox 275 3965 404 4034; x_wconf 83' lang='lat' dir='ltr'><strong>lndaeus,</strong></span> <span class='ocrx_word' id='word_1_487' title='bbox 428 3969 456 4020; x_wconf 90' lang='lat' dir='ltr'><strong>et</strong></span> <span class='ocrx_word' id='word_1_488' title='bbox 474 3963 539 4020; x_wconf 87' lang='lat' dir='ltr'><strong>ideo</strong></span> <span class='ocrx_word' id='word_1_489' title='bbox 569 3966 604 4021; x_wconf 91' lang='lat' dir='ltr'><strong>de</strong></span> <span class='ocrx_word' id='word_1_490' title='bbox 632 3964 694 4021; x_wconf 89' lang='lat' dir='ltr'><strong>istis</strong></span> 
     </span>
     <span class='ocr_line' id='line_1_51' title="bbox 108 4033 693 4108; baseline 0.012 -22"><span class='ocrx_word' id='word_1_491' title='bbox 108 4033 350 4101; x_wconf 81' lang='lat' dir='ltr'><strong>quaestionibusa</strong></span> <span class='ocrx_word' id='word_1_492' title='bbox 373 4035 484 4108; x_wconf 90' lang='lat' dir='ltr'><strong>meipso</strong></span> <span class='ocrx_word' id='word_1_493' title='bbox 508 4052 566 4092; x_wconf 93' lang='lat' dir='ltr'><strong>non</strong></span> <span class='ocrx_word' id='word_1_494' title='bbox 580 4035 693 4108; x_wconf 90' lang='lat' dir='ltr'><strong>loquor,</strong></span> 
     </span>
     <span class='ocr_line' id='line_1_52' title="bbox 110 4105 692 4178; baseline 0.012 -21"><span class='ocrx_word' id='word_1_495' title='bbox 110 4109 195 4175; x_wconf 89' lang='lat' dir='ltr'><strong>etper</strong></span> <span class='ocrx_word' id='word_1_496' title='bbox 204 4106 345 4178; x_wconf 84' lang='lat' dir='ltr'><strong>meipsum</strong></span> <span class='ocrx_word' id='word_1_497' title='bbox 357 4107 419 4164; x_wconf 79' lang='lat' dir='ltr'><strong>bec</strong></span> <span class='ocrx_word' id='word_1_498' title='bbox 439 4105 512 4164; x_wconf 90' lang='lat' dir='ltr'><strong>scire</strong></span> <span class='ocrx_word' id='word_1_499' title='bbox 524 4123 582 4163; x_wconf 95' lang='lat' dir='ltr'><strong>non</strong></span> <span class='ocrx_word' id='word_1_500' title='bbox 596 4108 692 4176; x_wconf 84' lang='lat' dir='ltr'><strong>valco;</strong></span> 
     </span>
     <span class='ocr_line' id='line_1_53' title="bbox 110 4177 693 4251; baseline 0.01 -21"><span class='ocrx_word' id='word_1_501' title='bbox 110 4177 158 4230; x_wconf 90' lang='lat' dir='ltr'><strong>sed</strong></span> <span class='ocrx_word' id='word_1_502' title='bbox 184 4193 249 4244; x_wconf 78' lang='lat' dir='ltr'><strong>oens</strong></span> <span class='ocrx_word' id='word_1_503' title='bbox 269 4183 319 4234; x_wconf 84' lang='lat' dir='ltr'><strong>tuo</strong></span> <span class='ocrx_word' id='word_1_504' title='bbox 332 4183 359 4234; x_wconf 90' lang='lat' dir='ltr'><strong>et</strong></span> <span class='ocrx_word' id='word_1_505' title='bbox 374 4181 530 4251; x_wconf 65' lang='lat' dir='ltr'><strong>pontifices,</strong></span> <span class='ocrx_word' id='word_1_506' title='bbox 546 4180 594 4250; x_wconf 88' lang='lat' dir='ltr'><strong>qui</strong></span> <span class='ocrx_word' id='word_1_507' title='bbox 614 4184 642 4235; x_wconf 92' lang='lat' dir='ltr'><strong>te</strong></span> <span class='ocrx_word' id='word_1_508' title='bbox 657 4180 693 4236; x_wconf 89' lang='lat' dir='ltr'><strong>ab</strong></span> 
     </span>
     <span class='ocr_line' id='line_1_54' title="bbox 108 4244 693 4322; baseline 0.01 -22"><span class='ocrx_word' id='word_1_509' title='bbox 108 4244 275 4322; x_wconf 85' lang='lat' dir='ltr'><strong>alienigenis</strong></span> <span class='ocrx_word' id='word_1_510' title='bbox 289 4251 429 4307; x_wconf 89' lang='lat' dir='ltr'><strong>deberent</strong></span> <span class='ocrx_word' id='word_1_511' title='bbox 444 4249 609 4320; x_wconf 78' lang='lat' dir='ltr'><strong>defendere,</strong></span> <span class='ocrx_word' id='word_1_512' title='bbox 634 4257 693 4306; x_wconf 86' lang='lat' dir='ltr'><strong>tro-</strong></span> 
     </span>
     <span class='ocr_line' id='line_1_55' title="bbox 108 4315 693 4394; baseline 0.012 -23"><span class='ocrx_word' id='word_1_513' title='bbox 108 4315 237 4375; x_wconf 86' lang='lat' dir='ltr'><strong>diderunt</strong></span> <span class='ocrx_word' id='word_1_514' title='bbox 251 4327 276 4376; x_wconf 87' lang='lat' dir='ltr'><strong>te</strong></span> <span class='ocrx_word' id='word_1_515' title='bbox 292 4323 363 4377; x_wconf 88' lang='lat' dir='ltr'><strong>mihi</strong></span> <span class='ocrx_word' id='word_1_516' title='bbox 378 4337 431 4394; x_wconf 91' lang='lat' dir='ltr'><strong>pro</strong></span> <span class='ocrx_word' id='word_1_517' title='bbox 444 4321 638 4378; x_wconf 76' lang='lat' dir='ltr'><strong>malefactore.</strong></span> <span class='ocrx_word' id='word_1_518' title='bbox 651 4324 693 4378; x_wconf 84' lang='lat' dir='ltr'><strong>Tu</strong></span> 
     </span>
     <span class='ocr_line' id='line_1_56' title="bbox 110 4389 693 4464; baseline 0.015 -22"><span class='ocrx_word' id='word_1_519' title='bbox 110 4403 177 4459; x_wconf 76' lang='lat' dir='ltr'><strong>ergo</strong></span> <span class='ocrx_word' id='word_1_520' title='bbox 194 4389 240 4448; x_wconf 90' lang='lat' dir='ltr'><strong>dic</strong></span> <span class='ocrx_word' id='word_1_521' title='bbox 257 4415 264 4451; x_wconf 73' lang='grc' dir='ltr'><strong>ε</strong></span> <span class='ocrx_word' id='word_1_522' title='bbox 282 4392 356 4461; x_wconf 83' lang='lat' dir='ltr'><strong>Quid</strong></span> <span class='ocrx_word' id='word_1_523' title='bbox 368 4395 482 4462; x_wconf 68' lang='lat' dir='ltr'><strong>temeti?</strong></span> <span class='ocrx_word' id='word_1_524' title='bbox 497 4394 693 4464; x_wconf 79' lang='lat' dir='ltr'><strong>interrogatus</strong></span> 
     </span>
    </p>
   </div>
   <div class='ocr_carea' id='block_1_6' title="bbox 582 3893 691 3950">
    <p class='ocr_par' dir='ltr' id='par_1_7' title="bbox 582 3893 691 3950">
     <span class='ocr_line' id='line_1_57' title="bbox 582 3893 691 3950; baseline 0 -1"><span class='ocrx_word' id='word_1_525' title='bbox 582 3893 669 3950; x_wconf 87' lang='lat' dir='ltr'><strong>iceret</strong></span> <span class='ocrx_word' id='word_1_526' title='bbox 684 3910 691 3949; x_wconf 90' lang='lat'>:</span> 
     </span>
    </p>
   </div>
   <div class='ocr_carea' id='block_1_7' title="bbox 748 3460 1338 4461">
    <p class='ocr_par' dir='ltr' id='par_1_8' title="bbox 748 3460 1338 4461">
     <span class='ocr_line' id='line_1_58' title="bbox 748 3460 1337 3532; baseline -0.005 -11"><span class='ocrx_word' id='word_1_527' title='bbox 748 3465 856 3522; x_wconf 93' lang='lat' dir='ltr'><strong>mundo</strong></span> <span class='ocrx_word' id='word_1_528' title='bbox 879 3469 932 3532; x_wconf 89' lang='lat' dir='ltr'><strong>est,</strong></span> <span class='ocrx_word' id='word_1_529' title='bbox 958 3465 1108 3520; x_wconf 89' lang='lat' dir='ltr'><strong>curabant.</strong></span> <span class='ocrx_word' id='word_1_530' title='bbox 1126 3463 1212 3530; x_wconf 76' lang='lat' dir='ltr'><strong>Quasi</strong></span> <span class='ocrx_word' id='word_1_531' title='bbox 1228 3460 1337 3518; x_wconf 88' lang='lat' dir='ltr'><strong>diceret</strong></span> 
     </span>
     <span class='ocr_line' id='line_1_59' title="bbox 748 3530 1335 3608; baseline -0.007 -15"><span class='ocrx_word' id='word_1_532' title='bbox 748 3535 805 3593; x_wconf 91' lang='lat' dir='ltr'><strong>eis:</strong></span> <span class='ocrx_word' id='word_1_533' title='bbox 821 3535 937 3608; x_wconf 83' lang='lat' dir='ltr'><strong>Decepti</strong></span> <span class='ocrx_word' id='word_1_534' title='bbox 952 3535 1031 3606; x_wconf 91' lang='lat' dir='ltr'><strong>estis,</strong></span> <span class='ocrx_word' id='word_1_535' title='bbox 1042 3551 1099 3591; x_wconf 93' lang='lat' dir='ltr'><strong>non</strong></span> <span class='ocrx_word' id='word_1_536' title='bbox 1112 3532 1238 3606; x_wconf 90' lang='lat' dir='ltr'><strong>impedio</strong></span> <span class='ocrx_word' id='word_1_537' title='bbox 1246 3530 1335 3590; x_wconf 89' lang='lat' dir='ltr'><strong>domi·</strong></span> 
     </span>
     <span class='ocr_line' id='line_1_60' title="bbox 749 3605 1336 3672; baseline -0.007 -8"><span class='ocrx_word' id='word_1_538' title='bbox 749 3607 895 3665; x_wconf 88' lang='lat' dir='ltr'><strong>netionem</strong></span> <span class='ocrx_word' id='word_1_539' title='bbox 912 3613 1037 3664; x_wconf 88' lang='lat' dir='ltr'><strong>vestram</strong></span> <span class='ocrx_word' id='word_1_540' title='bbox 1053 3605 1082 3662; x_wconf 92' lang='lat' dir='ltr'><strong>in</strong></span> <span class='ocrx_word' id='word_1_541' title='bbox 1098 3607 1152 3662; x_wconf 91' lang='lat' dir='ltr'><strong>hoc</strong></span> <span class='ocrx_word' id='word_1_542' title='bbox 1166 3605 1284 3672; x_wconf 93' lang='lat' dir='ltr'><strong>mundo,</strong></span> <span class='ocrx_word' id='word_1_543' title='bbox 1299 3619 1336 3661; x_wconf 93' lang='lat' dir='ltr'><strong>ne</strong></span> 
     </span>
     <span class='ocr_line' id='line_1_61' title="bbox 748 3676 1338 3747; baseline -0.005 -13"><span class='ocrx_word' id='word_1_544' title='bbox 748 3695 821 3736; x_wconf 85' lang='lat' dir='ltr'><strong>vano</strong></span> <span class='ocrx_word' id='word_1_545' title='bbox 836 3679 962 3736; x_wconf 89' lang='lat' dir='ltr'><strong>timeatis</strong></span> <span class='ocrx_word' id='word_1_546' title='bbox 976 3684 1006 3736; x_wconf 91' lang='lat' dir='ltr'><strong>et</strong></span> <span class='ocrx_word' id='word_1_547' title='bbox 1019 3677 1159 3747; x_wconf 80' lang='lat' dir='ltr'><strong>saeviatis3</strong></span> <span class='ocrx_word' id='word_1_548' title='bbox 1179 3676 1229 3734; x_wconf 88' lang='lat' dir='ltr'><strong>sed</strong></span> <span class='ocrx_word' id='word_1_549' title='bbox 1242 3677 1279 3732; x_wconf 91' lang='lat' dir='ltr'><strong>ad</strong></span> <span class='ocrx_word' id='word_1_550' title='bbox 1294 3691 1338 3732; x_wconf 88' lang='lat' dir='ltr'><strong>re-</strong></span> 
     </span>
     <span class='ocr_line' id='line_1_62' title="bbox 749 3747 1337 3822; baseline -0.005 -16"><span class='ocrx_word' id='word_1_551' title='bbox 749 3767 838 3822; x_wconf 85' lang='lat' dir='ltr'><strong>gnum</strong></span> <span class='ocrx_word' id='word_1_552' title='bbox 853 3753 969 3807; x_wconf 86' lang='lat' dir='ltr'><strong>coeleste</strong></span> <span class='ocrx_word' id='word_1_553' title='bbox 989 3749 1064 3822; x_wconf 90' lang='lat' dir='ltr'><strong>quod</strong></span> <span class='ocrx_word' id='word_1_554' title='bbox 1081 3765 1138 3806; x_wconf 93' lang='lat' dir='ltr'><strong>non</strong></span> <span class='ocrx_word' id='word_1_555' title='bbox 1159 3753 1202 3806; x_wconf 90' lang='lat' dir='ltr'><strong>est</strong></span> <span class='ocrx_word' id='word_1_556' title='bbox 1228 3747 1337 3804; x_wconf 90' lang='lat' dir='ltr'><strong>dehoc</strong></span> 
     </span>
     <span class='ocr_line' id='line_1_63' title="bbox 750 3818 1336 3891; baseline -0.007 -13"><span class='ocrx_word' id='word_1_557' title='bbox 750 3822 867 3890; x_wconf 91' lang='lat' dir='ltr'><strong>mundo,</strong></span> <span class='ocrx_word' id='word_1_558' title='bbox 890 3823 988 3878; x_wconf 81' lang='lat' dir='ltr'><strong>venite</strong></span> <span class='ocrx_word' id='word_1_559' title='bbox 1013 3819 1167 3888; x_wconf 90' lang='lat' dir='ltr'><strong>credendo,</strong></span> <span class='ocrx_word' id='word_1_560' title='bbox 1192 3818 1229 3876; x_wconf 89' lang='lat' dir='ltr'><strong>ad</strong></span> <span class='ocrx_word' id='word_1_561' title='bbox 1260 3818 1336 3891; x_wconf 90' lang='lat' dir='ltr'><strong>quod</strong></span> 
     </span>
     <span class='ocr_line' id='line_1_64' title="bbox 750 3889 1336 3965; baseline -0.003 -18"><span class='ocrx_word' id='word_1_562' title='bbox 750 3909 800 3950; x_wconf 84' lang='lat' dir='ltr'><strong>vos</strong></span> <span class='ocrx_word' id='word_1_563' title='bbox 817 3891 908 3949; x_wconf 80' lang='lat' dir='ltr'><strong>invite</strong></span> <span class='ocrx_word' id='word_1_564' title='bbox 928 3891 1122 3965; x_wconf 80' lang='lat' dir='ltr'><strong>predicando.</strong></span> <span class='ocrx_word' id='word_1_565' title='bbox 1142 3891 1270 3948; x_wconf 89' lang='lat' dir='ltr'><strong>Christus</strong></span> <span class='ocrx_word' id='word_1_566' title='bbox 1291 3889 1336 3945; x_wconf 89' lang='lat' dir='ltr'><strong>di·</strong></span> 
     </span>
     <span class='ocr_line' id='line_1_65' title="bbox 748 3961 1334 4034; baseline -0.005 -14"><span class='ocrx_word' id='word_1_567' title='bbox 748 3964 789 4021; x_wconf 88' lang='lat' dir='ltr'><strong>xit</strong></span> <span class='ocrx_word' id='word_1_568' title='bbox 810 3981 816 4020; x_wconf 91' lang='lat'>:</span> <span class='ocrx_word' id='word_1_569' title='bbox 837 3968 961 4034; x_wconf 73' lang='lat' dir='ltr'><strong>hennum</strong></span> <span class='ocrx_word' id='word_1_570' title='bbox 982 3980 1071 4019; x_wconf 85' lang='lat' dir='ltr'><strong>meam</strong></span> <span class='ocrx_word' id='word_1_571' title='bbox 1092 3979 1147 4018; x_wconf 85' lang='lat' dir='ltr'><strong>non</strong></span> <span class='ocrx_word' id='word_1_572' title='bbox 1169 3969 1210 4018; x_wconf 89' lang='lat' dir='ltr'><strong>est</strong></span> <span class='ocrx_word' id='word_1_573' title='bbox 1235 3961 1269 4018; x_wconf 85' lang='lat' dir='ltr'><strong>de</strong></span> <span class='ocrx_word' id='word_1_574' title='bbox 1284 3963 1334 4018; x_wconf 86' lang='lat' dir='ltr'><strong>boe</strong></span> 
     </span>
     <span class='ocr_line' id='line_1_66' title="bbox 749 4031 1335 4117; baseline -0.005 -26"><span class='ocrx_word' id='word_1_575' title='bbox 749 4037 869 4104; x_wconf 85' lang='lat' dir='ltr'><strong>mundo;</strong></span> <span class='ocrx_word' id='word_1_576' title='bbox 883 4035 932 4092; x_wconf 91' lang='lat' dir='ltr'><strong>sed</strong></span> <span class='ocrx_word' id='word_1_577' title='bbox 945 4041 1042 4092; x_wconf 91' lang='lat' dir='ltr'><strong>tamen</strong></span> <span class='ocrx_word' id='word_1_578' title='bbox 1055 4033 1137 4090; x_wconf 91' lang='lat' dir='ltr'><strong>multi</strong></span> <span class='ocrx_word' id='word_1_579' title='bbox 1152 4033 1275 4117; x_wconf 79' lang='lat' dir='ltr'><strong>praelati,</strong></span> <span class='ocrx_word' id='word_1_580' title='bbox 1287 4031 1335 4104; x_wconf 90' lang='lat' dir='ltr'><strong>qui</strong></span> 
     </span>
     <span class='ocr_line' id='line_1_67' title="bbox 749 4105 1334 4178; baseline -0.009 -14"><span class='ocrx_word' id='word_1_581' title='bbox 749 4113 816 4164; x_wconf 91' lang='lat' dir='ltr'><strong>sunt</strong></span> <span class='ocrx_word' id='word_1_582' title='bbox 831 4109 894 4178; x_wconf 85' lang='lat' dir='ltr'><strong>ejus</strong></span> <span class='ocrx_word' id='word_1_583' title='bbox 912 4106 1022 4174; x_wconf 84' lang='lat' dir='ltr'><strong>vicarii,</strong></span> <span class='ocrx_word' id='word_1_584' title='bbox 1038 4111 1215 4162; x_wconf 80' lang='lat' dir='ltr'><strong>contrarium</strong></span> <span class='ocrx_word' id='word_1_585' title='bbox 1234 4105 1334 4160; x_wconf 77' lang='lat' dir='ltr'><strong>siden·</strong></span> 
     </span>
     <span class='ocr_line' id='line_1_68' title="bbox 748 4174 1337 4250; baseline -0.008 -16"><span class='ocrx_word' id='word_1_586' title='bbox 748 4185 795 4235; x_wconf 90' lang='lat' dir='ltr'><strong>tur</strong></span> <span class='ocrx_word' id='word_1_587' title='bbox 809 4177 905 4235; x_wconf 88' lang='lat' dir='ltr'><strong>dicere</strong></span> <span class='ocrx_word' id='word_1_588' title='bbox 920 4179 1006 4246; x_wconf 90' lang='lat' dir='ltr'><strong>facto,</strong></span> <span class='ocrx_word' id='word_1_589' title='bbox 1018 4181 1045 4233; x_wconf 91' lang='lat' dir='ltr'><strong>in</strong></span> <span class='ocrx_word' id='word_1_590' title='bbox 1060 4176 1173 4250; x_wconf 90' lang='lat' dir='ltr'><strong>pompis</strong></span> <span class='ocrx_word' id='word_1_591' title='bbox 1186 4193 1216 4233; x_wconf 90' lang='lat' dir='ltr'><strong>se</strong></span> <span class='ocrx_word' id='word_1_592' title='bbox 1231 4174 1337 4248; x_wconf 89' lang='lat' dir='ltr'><strong>princi·</strong></span> 
     </span>
     <span class='ocr_line' id='line_1_69' title="bbox 748 4246 1335 4322; baseline -0.007 -16"><span class='ocrx_word' id='word_1_593' title='bbox 748 4249 833 4322; x_wconf 90' lang='lat' dir='ltr'><strong>pibus</strong></span> <span class='ocrx_word' id='word_1_594' title='bbox 852 4249 975 4306; x_wconf 90' lang='lat' dir='ltr'><strong>terrenis</strong></span> <span class='ocrx_word' id='word_1_595' title='bbox 997 4255 1157 4320; x_wconf 85' lang='lat' dir='ltr'><strong>aequantes,</strong></span> <span class='ocrx_word' id='word_1_596' title='bbox 1176 4246 1221 4304; x_wconf 85' lang='lat' dir='ltr'><strong>rel</strong></span> <span class='ocrx_word' id='word_1_597' title='bbox 1247 4249 1335 4302; x_wconf 86' lang='lat' dir='ltr'><strong>eliam</strong></span> 
     </span>
     <span class='ocr_line' id='line_1_70' title="bbox 749 4318 1335 4391; baseline -0.009 -13"><span class='ocrx_word' id='word_1_598' title='bbox 749 4338 798 4379; x_wconf 93' lang='lat' dir='ltr'><strong>eos</strong></span> <span class='ocrx_word' id='word_1_599' title='bbox 815 4323 994 4378; x_wconf 83' lang='lat' dir='ltr'><strong>excedentes.</strong></span> <span class='ocrx_word' id='word_1_600' title='bbox 1011 4321 1045 4376; x_wconf 87' lang='lat' dir='ltr'><strong>Et</strong></span> <span class='ocrx_word' id='word_1_601' title='bbox 1069 4318 1238 4391; x_wconf 81' lang='lat' dir='ltr'><strong>subjungit:</strong></span> <span class='ocrx_word' id='word_1_602' title='bbox 1255 4319 1287 4374; x_wconf 84' lang='lat' dir='ltr'><strong>St</strong></span> <span class='ocrx_word' id='word_1_603' title='bbox 1299 4333 1335 4373; x_wconf 78' lang='lat' dir='ltr'><strong>cc</strong></span> 
     </span>
     <span class='ocr_line' id='line_1_71' title="bbox 748 4393 1334 4461; baseline -0.009 -11"><span class='ocrx_word' id='word_1_604' title='bbox 748 4395 798 4450; x_wconf 88' lang='lat' dir='ltr'><strong>hoc</strong></span> <span class='ocrx_word' id='word_1_605' title='bbox 815 4393 917 4450; x_wconf 81' lang='lat' dir='ltr'><strong>mundo</strong></span> <span class='ocrx_word' id='word_1_606' title='bbox 936 4397 1006 4450; x_wconf 79' lang='lat' dir='ltr'><strong>esset</strong></span> <span class='ocrx_word' id='word_1_607' title='bbox 1020 4407 1135 4461; x_wconf 79' lang='lat' dir='ltr'><strong>renuam</strong></span> <span class='ocrx_word' id='word_1_608' title='bbox 1148 4393 1334 4458; x_wconf 70' lang='lat' dir='ltr'><strong>meumtunc,</strong></span> 
     </span>
    </p>
   </div>
   <div class='ocr_carea' id='block_1_8' title="bbox 1473 3758 1489 3834">
    <p class='ocr_par' dir='ltr' id='par_1_9' title="bbox 1473 3758 1489 3834">
     <span class='ocr_line' id='line_1_72' title="bbox 1473 3758 1489 3792; baseline 0 0"><span class='ocrx_word' id='word_1_609' title='bbox 1473 3758 1489 3792; x_wconf 74' lang='lat'><strong>¹⁸.</strong></span> 
     </span>
     <span class='ocr_line' id='line_1_73' title="bbox 1488 3803 1489 3834; baseline 0 0"><span class='ocrx_word' id='word_1_610' title='bbox 1488 3803 1489 3834; x_wconf 91' lang='lat' dir='ltr'><strong>l</strong></span> 
     </span>
    </p>
   </div>
   <div class='ocr_carea' id='block_1_9' title="bbox 0 0 1522 5042">
    <p class='ocr_par' dir='ltr' id='par_1_10' title="bbox 0 0 1522 5042">
     <span class='ocr_line' id='line_1_74' title="bbox 0 0 1522 5042; baseline 0 0"><span class='ocrx_word' id='word_1_611' title='bbox 0 0 1522 5042; x_wconf 95' lang='lat' dir='ltr'><strong> </strong></span> 
     </span>
    </p>
   </div>
  </div>
 </body>
</html>
