3124 5038
206 435 253 490 idi

214 559 262 600 uas
276 539 369 598 viucat
384 541 528 600 molestias
540 543 651 612 mortis,
669 544 796 612 protecto

215 619 350 687 Martyres
362 619 452 670 morte
465 627 515 670 sua
528 615 615 671 Deum
628 615 796 684 clarificant,

214 685 397 745 ostendentes
409 701 452 752 eu,
462 693 600 756 qnantum
616 687 754 744 colendus
768 694 797 744 et

217 757 356 815 amandus
371 761 407 813 sil
421 758 453 812 Et
468 761 531 813 notu
545 757 619 828 quod
631 757 759 816 Christus
769 757 797 815 in

215 827 591 898 directurucruciilanses13
610 831 710 886 Petrus
730 845 797 887 vero

217 902 253 959 ob
279 898 467 956 reverentiam
497 899 608 957 Domini
630 900 659 956 in
683 907 797 956 coutra-

214 972 301 1039 rinm,
312 969 420 1026 scilicet
431 971 579 1040 deorsum;
595 973 646 1030 sed
660 973 799 1030 Andraeas

217 1045 246 1100 iu
258 1049 460 1100 transversum.

255 1133 285 1172 ia
300 1114 359 1180 Quo
386 1129 469 1170 seusa
485 1113 590 1172 Peritos
617 1131 732 1172 sncnrns
751 1129 811 1186 ass,

217 1184 367 1243 Domana?
380 1215 411 1224 -
428 1187 538 1240 Etcum
558 1187 606 1241 linc
624 1187 743 1242 dixisset
755 1189 799 1244 Je-

217 1273 265 1315 sns
275 1257 368 1322 Petro,
378 1255 512 1313 nuntians
521 1255 547 1312 ei
561 1263 682 1314 mortem
691 1263 719 1314 et
730 1257 797 1314 Pas·

217 1328 336 1396 sionem,
352 1341 388 1383 ne
403 1331 475 1384 dura
489 1333 517 1384 et
541 1327 728 1386 intolerabilis
750 1331 800 1386 Pa·

215 1405 259 1456 tro
275 1399 533 1482 videraturpassiu,
549 1400 622 1456 hene
637 1416 690 1457 sno
704 1416 798 1458 exem·

214 1471 262 1546 plo
280 1474 344 1544 pius
367 1473 502 1528 Manister
522 1470 610 1528 lenire
632 1473 751 1540 curavit,
772 1476 800 1528 et

216 1543 252 1601 ad
267 1558 357 1616 genus
369 1542 469 1599 mortis
482 1544 610 1616 exemplu
623 1544 666 1600 sui
679 1559 742 1600 eum
757 1545 798 1599 in·

216 1615 319 1676 vitans.
336 1615 405 1670 dicit
421 1618 464 1670 ei:
480 1615 598 1685 Sequere
611 1631 662 1674 me.
678 1614 707 1672 id
722 1621 765 1672 est
775 1613 798 1669 i-

217 1685 318 1742 mitare
333 1700 377 1742 me
388 1703 395 1754 ;
408 1685 487 1758 sequi
505 1687 578 1742 enim
594 1686 755 1755 Dominum,
774 1685 798 1742 i·

217 1755 310 1813 mitari
330 1761 374 1812 est
400 1759 439 1812 Ac
465 1757 487 1811 si
510 1757 617 1814 dicaret
633 1775 639 1813 ε
655 1760 744 1814 Tanto
760 1763 800 1814 to-

217 1827 364 1884 lerabilius
381 1826 475 1883 crucis
495 1827 655 1894 passionem
675 1832 799 1886 sustine-

217 1897 271 1969 bis,
288 1904 393 1969 quanto
415 1897 444 1954 in
463 1897 525 1969 eJus
540 1900 717 1969 sufferentia,
736 1917 799 1957 mea

217 1975 244 2027 le
255 1973 336 2042 sequi
349 1969 467 2043 vestigia
484 1973 696 2041 rerurdcilieris;
711 1979 738 2029 nt
749 1973 799 2029 sie-

218 2045 247 2100 ut
263 2059 315 2114 ego
329 2057 382 2114 pro
398 2049 448 2099 tua
463 2043 553 2099 salute
577 2044 670 2100 crucis
689 2045 799 2115 patibu-

217 2111 276 2170 lum
289 2113 428 2172 sustinere
441 2130 496 2170 uon
511 2114 617 2184 distuli,
634 2120 672 2174 ita
687 2131 799 2188 quoqne

217 2191 248 2243 tu
269 2201 320 2258 pro
340 2185 520 2243 consessione
547 2187 671 2244 numinis
694 2193 748 2244 mei
771 2195 800 2244 ta

216 2263 273 2331 pati
289 2258 393 2316 debere
408 2258 638 2330 momentaneis
650 2275 684 2316 eo
697 2259 799 2330 glorio·

217 2328 320 2386 siccem
338 2329 459 2398 palmam
472 2331 798 2402 martyriiconseqneris,

217 2415 273 2472 quo
302 2401 338 2455 ad
359 2401 434 2457 hanc
457 2403 676 2473 promerendam
693 2403 800 2459 arctius

218 2470 344 2542 Magistri
370 2470 426 2527 iter
452 2472 591 2543 sequeris.
626 2473 697 2540 Quia
723 2476 798 2529 enim

221 2539 322 2598 Petrus
338 2539 416 2610 prius
431 2541 614 2612 singulariter
630 2546 665 2600 ad
681 2545 755 2600 hanc
769 2559 799 2601 se

218 2611 384 2668 exhibuerat
398 2615 554 2683 sequelam,
571 2614 669 2671 dicens
685 2630 692 2670 ε
707 2615 800 2682 Quare

219 2697 275 2738 non
289 2687 444 2754 possumis
459 2684 549 2755 aequi,
566 2681 690 2742 animam
707 2702 800 2743 meam

218 2767 270 2827 pro
290 2765 317 2810 te
334 2767 453 2826 ponam;
477 2754 541 2813 ideo
560 2755 741 2826 singulariter
763 2763 799 2815 ati

217 2841 252 2882 eo
280 2825 366 2957 exigit
392 2825 531 2884 Dominus
551 2828 734 2912 promissum,
755 2829 799 2886 di·

219 2911 304 2954 cens:
342 2915 438 2982 equare
452 2913 503 2964 me,
520 2903 628 2957 scilicet
646 2899 675 2958 in
695 2917 801 2972 genere

218 2969 326 3026 mortis.
344 2973 371 3028 Sl
391 2987 446 3041 uir,
459 2969 561 3044 iuquit,
575 2972 677 3044 diligis,
691 2989 802 3046 sequere

218 3057 270 3110 me,
290 3042 353 3098 reni
370 3051 434 3114 post
448 3057 509 3112 me;
529 3053 558 3100 et
579 3044 652 3102 sicut
675 3061 727 3118 ego
751 3061 800 3114 pro

219 3117 258 3179 te,
274 3112 314 3170 ila
333 3121 362 3171 et
379 3121 408 3172 tu
428 3114 560 3172 moriaris
574 3131 625 3188 pru
643 3131 705 3186 me;
728 3117 802 3174 sicut

217 3198 281 3257 ego,
295 3193 324 3242 tu
341 3201 452 3243 crucem
474 3193 606 3256 ascende,
622 3195 651 3246 tn
671 3191 800 3246 camdem

217 3269 301 3385 guam
316 3273 368 3331 ego
384 3265 504 3315 mortem
524 3269 631 3331 putare.
648 3261 726 3317 Unde
745 3276 801 3317 non

237 3327 287 3411 ixit
301 3331 326 3385 ei
343 3329 407 3398 soti,
421 3330 470 3386 sed
489 3333 635 3414 signanter
647 3347 706 3404 pres
725 3333 799 3402 aliis,

216 3413 283 3472 quta
297 3399 358 3472 ipse
378 3417 436 3473 prae
451 3404 584 3460 omnibus
598 3403 720 3460 debebat
738 3403 800 3461 aui·

218 3485 292 3528 mam
308 3487 454 3600 progrcge
464 3489 572 3556 ponere
583 3474 730 3531 etovibus.
743 3477 801 3532 Hoc

217 3549 312 3600 antem
328 3549 408 3601 dicen
432 3561 459 3613 o,
475 3545 610 3602 Dominus
625 3547 756 3616 surrexit,
773 3552 802 3604 et

216 3628 233 3671 a
252 3614 315 3672 loco
329 3614 447 3672 convivii
458 3615 587 3673 abirecm
609 3615 640 3673 il.
656 3617 689 3673 El
702 3617 801 3690 aicper

217 3685 294 3742 illam
310 3691 453 3760 sequetem
470 3632 657 3772 corporaiem,
672 3687 747 3746 idem
762 3689 800 3746 si·

216 3757 381 3828 gnitlcabat,
397 3759 472 3829 quod
485 3775 561 3830 pirrus
575 3759 659 3818 Petro
672 3775 723 3834 per
737 3777 799 3818 var-

216 3829 458 3900 inexpressum,
477 3830 635 3889 sicutenim
654 3833 682 3888 in
705 3833 799 3890 Veteri

214 3899 395 3956 Testimeutu
420 3902 571 3974 Prophetae
598 3903 800 3973 significabant

216 3969 311 4042 aliqua
323 3971 425 4039 verbis,
438 3979 467 4028 et
480 3974 577 4048 aliqua
593 3975 684 4044 iactis,
699 3975 798 4032 simiti-

214 4047 257 4098 ter
272 4041 401 4098 Christus
416 4043 532 4111 iacietis,
548 4051 698 4118 postquam
712 4049 799 4104 verbo

213 4113 383 4186 predixerat
395 4113 478 4170 Petro
486 4131 567 4172 suum
575 4133 616 4172 mu
622 4117 799 4191 rtyriumdi-

178 4230 185 4243 .
215 4193 282 4242 cen!
302 4201 309 4240 :
328 4187 465 4241 aasentias
488 4204 586 4243 monus
601 4191 799 4256 lucracionem

216 4263 242 4314 te
257 4261 346 4328 cinget
361 4263 387 4314 et
407 4257 486 4314 dici-et
502 4265 537 4326 te,
556 4275 608 4319 iiico
624 4265 654 4314 ta
666 4277 720 4316 nou
736 4263 799 4328 ais3

214 4327 319 4404 incepit
333 4327 386 4402 ire,
397 4333 427 4388 at
443 4334 512 4388 tnnc
529 4331 599 4386 dicit
619 4333 666 4386 etc
682 4334 800 4403 Sequere

214 4415 265 4464 me,
280 4399 388 4459 scilicet
400 4401 428 4458 in
443 4402 497 4460 hoc
514 4400 590 4475 quod
605 4401 719 4474 predixi
734 4401 797 4460 tibi.

538 439 694 495 annulus
722 439 840 494 Didiis
869 435 974 491 clati
1003 433 1116 488 lxxix

892 545 922 600 ιδ
936 542 976 598 Da
991 555 1079 594 aonrs
1092 540 1210 596 loannis
1234 555 1443 599 iureanooarto.

853 643 887 656 -
900 615 1051 676 Conuersata
1066 613 1171 674 Petrus,
1182 613 1366 668 retrahendo
1382 629 1444 668 ocu·

852 685 896 742 los
906 685 942 740 ab
955 685 1070 753 aspectu
1083 681 1209 748 Domini,
1221 684 1301 738 uidit
1315 685 1394 738 ittam
1404 685 1443 740 di-

852 756 999 828 ecipatum.
1012 768 1091 824 quem
1104 753 1245 822 ditigebat
1258 757 1342 810 Jesiia
1357 755 1443 826 ipsum

853 827 937 885 etiam
949 831 1119 896 sequentem
1138 825 1207 894 unia·
1217 827 1338 882 sicutet
1352 827 1444 884 t'etrus

853 905 979 964 coeuerat
992 895 1034 953 ire
1045 903 1108 966 pust
1122 895 1287 966 Christum,
1304 903 1334 954 et
1348 897 1441 954 volens

854 968 1005 1027 certificari
1021 967 1056 1022 da
1072 974 1162 1023 morte
1175 967 1358 1036 loannis,ea
1374 985 1444 1024 aruo·

854 1057 885 1098 re
905 1057 961 1113 quu
977 1054 1041 1096 eum
1061 1038 1208 1109 diligebat,
1229 1041 1269 1096 de
1294 1055 1330 1096 eo
1357 1039 1444 1096 Domi·

855 1129 924 1171 num
939 1108 1078 1184 quaesivit,
1094 1117 1119 1166 et
1132 1113 1207 1167 dicit
1225 1130 1235 1166 .·
1258 1114 1386 1174 Doma’ne,
1406 1114 1444 1168 tic

854 1191 945 1240 uatem
970 1182 1048 1254 quid,
1073 1179 1180 1238 scilieet
1199 1181 1353 1252 patietur?
1366 1181 1445 1250 Quasi

854 1255 981 1314 diceret:
1000 1256 1070 1310 Ecce
1084 1268 1137 1324 ego
1157 1267 1269 1325 sequor
1285 1263 1314 1308 te
1335 1253 1366 1310 in
1383 1269 1444 1318 uas-

855 1325 946 1396 sione,
962 1325 1007 1382 hic
1023 1331 1116 1381 autern
1131 1341 1215 1396 quem
1234 1333 1270 1382 ut
1288 1339 1337 1381 ma
1353 1325 1445 1398 diligo,

854 1396 990 1470 namquid
1004 1396 1141 1453 morietur
1152 1395 1226 1452 sicut
1241 1402 1274 1454 et
1288 1399 1365 1468 ego?
1375 1398 1446 1453 Post·

874 1485 941 1528 uam
957 1471 1055 1526 Petrus
1075 1466 1205 1524 audierat
1223 1485 1256 1525 se
1274 1467 1443 1539 crucifigen-

854 1487 933 1609 dum,
954 1542 1044 1598 votuit
1063 1538 1148 1596 etiam
1168 1555 1335 1610 agnoscere
1355 1538 1446 1596 fratris

855 1611 1129 1683 exitum..Ditigetiat
1146 1611 1223 1668 euim
1242 1613 1444 1669 t’etrusJoan·

856 1703 918 1741 ueru
935 1683 1050 1756 speciali
1064 1683 1226 1752 dilectione,
1242 1690 1275 1740 et
1292 1683 1359 1739 ideo
1377 1683 1446 1738 rote

854 1757 903 1813 bat
920 1771 985 1813 eum
1001 1753 1029 1810 in
1041 1754 1179 1826 martyrio
1196 1755 1310 1812 socium
1333 1755 1444 1811 habere.

856 1827 935 1884 Unde
951 1825 1018 1882 dicit
1033 1829 1253 1895 coruscaturum.
1271 1827 1354 1899 quod
1369 1825 1444 1882 raldo

854 1899 991 1969 diligebat
1003 1901 1101 1954 Petrus
1114 1900 1268 1966 loannem,
1283 1904 1315 1955 et
1329 1897 1443 1954 audiens

855 1976 913 2027 tam
929 1969 1023 2040 magni
1037 1969 1143 2026 amoris
1159 1970 1297 2027 indiciae
1312 1969 1441 2036 Domino,

854 2043 930 2114 qrrod
958 2041 1087 2097 uidelicet
1107 2041 1191 2097 simili
1213 2057 1327 2112 genere
1348 2037 1442 2097 mortis

855 2119 1004 2170 secuturus
1023 2122 1094 2170 eset
1116 2112 1281 2183 Dominum,
1305 2128 1364 2185 quo
1390 2112 1440 2167 Do·

855 2185 947 2244 urinas
966 2190 1150 2257 praecesserat
1168 2186 1298 2254 Petrum,
1314 2183 1440 2256 cupiebat

853 2263 911 2314 taur
928 2271 1094 2328 magnorum
1112 2273 1264 2314 munerum
1280 2259 1388 2314 trabere
1401 2267 1438 2334 so·

855 2327 939 2386 cium.
958 2331 996 2385 De
1016 2331 1069 2386 hoe
1084 2333 1178 2385 autem
1198 2330 1278 2400 quud
1293 2331 1440 2385 Petrusin·

855 2398 1112 2471 terrogavit,etiam
1126 2401 1251 2457 loannes
1268 2401 1438 2468 interrogas·

854 2481 912 2540 set;
935 2473 984 2528 sed
1000 2485 1056 2528 non
1072 2472 1205 2528 audebat.
1225 2472 1371 2544 Diligebat
1389 2481 1439 2524 au-

854 2547 922 2610 tem,
941 2549 970 2599 ut
990 2543 1035 2600 hic
1050 2542 1166 2611 dicitur,
1185 2545 1267 2600 Jesns
1292 2546 1428 2601 loannem

855 2630 913 2670 non
927 2613 1041 2686 quidem
1065 2615 1250 2684 singulariter
1271 2579 1437 2694 antumnali

854 2699 913 2758 praa
935 2686 1036 2742 ceturis
1057 2685 1235 2756 familiarius,
1254 2693 1284 2743 et
1308 2682 1437 2756 specialia

855 2757 938 2828 signa
963 2757 1122 2814 dilectionis
1142 2757 1167 2814 ei
1188 2757 1370 2815 ostendendo
1386 2765 1436 2826 ptae

855 2831 973 2896 ceteris;
991 2834 1017 2885 et
1035 2829 1088 2885 hoc
1107 2828 1221 2892 signnm
1238 2829 1318 2888 inter
1337 2833 1435 2888 cetera,

855 2906 887 2956 ut
902 2915 953 2970 per
966 2915 1064 2972 pacem
1077 2901 1166 2958 exiret
1180 2901 1216 2957 de
1232 2901 1301 2965 vita,
1319 2915 1376 2958 non
1386 2909 1436 2980 'pet

855 2975 998 3028 certamen
1022 2971 1170 3040 passiunis.
1187 2972 1330 3042 Diligetiat
1351 2977 1434 3049 primo

855 3041 970 3116 quippe,
981 3050 1096 3115 propter
1111 3045 1278 3101 munditiam
1294 3047 1432 3122 puritatis,

856 3114 923 3187 quia
939 3113 1018 3186 virgo
1032 3117 1188 3172 estalectns
1203 3133 1220 3172 a
1234 3118 1303 3184 Deo,
1317 3123 1346 3173 et
1360 3123 1432 3192 virgo

855 3187 1028 3258 permansit3
1049 3189 1184 3256 secundo,
1205 3195 1323 3260 propter
1346 3183 1432 3262 subit·
1485 3199 1487 3204 ¹

857 3258 982 3314 mitatem
1000 3273 1059 3316 snae
1071 3259 1235 3330 sapientiae,
1253 3261 1433 3342 quiscerem

855 3329 940 3386 altius
951 3345 1056 3387 arcana
1071 3329 1228 3388 divinitatis
1240 3331 1311 3388 iniit
1323 3347 1330 3401 3
1343 3327 1429 3388 tertia
1536 3354 1537 3358 =

855 3408 972 3475 propter
982 3402 1168 3458 iari'nrcmsni
1183 3403 1301 3460 allectus
1316 3401 1352 3460 ad
1360 3395 1430 3456 Chri·

856 3479 942 3542 stum,
971 3476 1018 3544 qui
1041 3473 1195 3545 diligentes
1223 3489 1253 3530 se
1282 3472 1383 3544 diligit.
1403 3467 1430 3552 Di

854 3543 1030 3618 respondens
1044 3547 1122 3602 desae
1137 3547 1230 3614 Petro,
1245 3547 1316 3602 dicit
1330 3547 1355 3600 ci
1367 3559 1376 3597 .·
1390 3541 1429 3596 Sat

855 3633 915 3673 eam
927 3617 988 3673 nolo
1008 3632 1126 3682 monae,
1143 3615 1172 3673 id
1195 3623 1239 3674 est
1262 3619 1428 3689 suspectare.

855 3687 961 3745 scilicet
974 3689 1082 3760 absque
1098 3689 1231 3761 passione
1242 3685 1378 3761 martyrii,
1390 3681 1429 3734 de

854 3777 901 3816 aec
918 3759 1041 3818 Ecclesia
1051 3777 1103 3818 sua
1113 3761 1306 3834 pacstirmita,
1319 3759 1426 3815 ueniam

854 3831 961 3888 scilicet
984 3833 1021 3889 ad
1046 3845 1111 3889 cum
1137 3832 1305 3898 viicaudum,
1336 3832 1363 3888 at
1385 3835 1429 3898 per

853 3903 993 3976 placidam
1016 3911 1136 3959 mortem
1157 3902 1191 3959 de
1207 3905 1258 3960 lroc
1281 3900 1382 3959 mundo
1396 3889 1426 3948 od

853 3975 973 4048 gloriam
989 3975 1131 4032 coetcstem
1140 3974 1353 4031 assumendum.
1365 3971 1426 4038 01¹³·

854 4046 966 4103 sidicat
986 4063 993 4102 :
1010 4046 1080 4102 Nolo
1093 4061 1158 4102 eum
1176 4045 1246 4102 mori
1265 4061 1317 4118 pcc
1332 4047 1426 4119 marty·

853 4117 937 4184 rium,
956 4123 984 4174 el
1004 4133 1049 4173 me
1069 4117 1217 4190 sequipes
1235 4121 1310 4174 riam
1329 4123 1424 4194 pusato·

855 4189 917 4258 nia,
933 4189 984 4246 sed
1000 4189 1090 4260 migis
1104 4189 1242 4246 inlocum
1260 4199 1389 4258 occupari
1399 4189 1424 4234 111

853 4259 947 4332 quiete
978 4259 1236 4329 contemplationis,
1264 4261 1364 4323 denuc,
1387 4259 1425 4307 ml

852 4335 982 4401 siccante,
1002 4333 1037 4388 de
1053 4333 1106 4388 hac
1121 4331 1223 4389 vitain
1238 4332 1323 4389 aliam
1336 4335 1423 4387 trans-

853 4401 961 4460 ierolnr
976 4401 1101 4460 suaviter
1116 4409 1143 4458 et
1156 4403 1294 4475 jucunde.
1312 4401 1424 4458 ualent
