3036 5042
134 351 166 404 60
486 359 643 414 trutlind
671 360 793 414 liniis
821 358 928 413 CAPUT
955 356 1015 412 llil

135 465 268 531 noverat,
298 463 468 522 sententiam
503 466 571 523 dare
604 472 720 524 coactus

135 538 220 590 esset.
236 535 269 590 Ei
286 536 356 592 dum
370 535 502 608 mittitur,
519 539 549 594 ut
565 555 719 596 concursus

135 619 254 688 magnus
265 607 435 680 populorum
448 625 512 666 euni
526 613 716 682 sequentium.

134 673 293 736 anomia
311 679 433 751 qualiter
451 681 522 752 ibas,
541 682 584 739 vel
607 685 671 754 quis
689 689 718 740 te

130 747 258 820 juvabat,
275 755 305 807 ut
328 755 383 808 ircs
407 753 435 808 in
462 757 541 810 tanta
566 755 716 826 pressural

134 819 217 902 Certe
228 823 502 894 exemplumdoloris
514 827 718 883 erasomnibus

134 891 279 950 Christum
298 895 468 952 amantibus.
485 899 526 954 'lu
546 904 653 964 autem,
672 914 717 954 ca·

135 961 257 1030 ussine,
271 965 365 1037 cogita
377 982 461 1038 qnam
472 967 595 1026 libenter
602 971 719 1042 juvares

134 1049 197 1089 eam
211 1039 239 1089 et
252 1037 409 1094 associares
423 1038 462 1096 sic
478 1040 588 1097 tristem
603 1046 630 1097 et
644 1057 719 1097 moe-

135 1111 218 1161 stam.
233 1111 351 1165 Herodes
366 1116 468 1176 autern,
482 1116 540 1168 uiso
553 1115 627 1174 iesu.
643 1116 720 1182 paui-

134 1192 182 1232 sus
198 1185 239 1236 est
259 1183 350 1238 ualde.
372 1186 440 1239 Erat
460 1187 532 1238 enirn
552 1187 663 1256 capiens
684 1201 719 1240 ee

135 1251 221 1314 multo
233 1258 362 1326 tempore,
374 1253 481 1310 scilicet
490 1271 521 1312 ei
532 1261 658 1328 tempora
672 1256 720 1312 dc·

134 1322 294 1381 collationis
316 1325 436 1382 loannis
460 1327 605 1398 Baptistae,
627 1329 719 1383 videre

135 1408 206 1462 enin,
219 1399 316 1453 losum
331 1397 447 1463 scilicet,
461 1415 489 1454 co
505 1400 578 1469 qaod
590 1401 720 1455 audierat

134 1467 223 1524 inulto
239 1469 273 1523 de
287 1485 326 1536 eo,
341 1469 376 1524 de
393 1469 536 1526 miraculis
548 1477 577 1527 et
591 1471 720 1528 doctrina

135 1537 207 1608 ejus,
219 1546 245 1596 ct
260 1541 390 1612 sperabat
406 1544 516 1610 sianum
531 1543 656 1613 aliquod,
670 1559 720 1600 seu

136 1611 315 1680 miraculum,
332 1613 426 1668 videre
446 1613 481 1668 ob
500 1630 528 1669 co
547 1617 619 1684 ficii,
635 1621 663 1670 ct
684 1615 719 1671 ab

135 1695 185 1736 ore
199 1684 259 1756 ejus
271 1683 402 1754 quaedam
419 1685 533 1740 insolita
547 1685 656 1742 audire.
674 1689 720 1742 ln-

134 1756 294 1824 tarropabat
305 1761 397 1810 autom
411 1771 471 1810 curn
483 1758 579 1812 multis
591 1760 720 1812 sermoni-

137 1823 186 1880 bus
204 1845 214 1881 .-
230 1841 287 1882 non
310 1825 382 1882 sicut
406 1825 560 1892 studiosus
575 1827 624 1884 sed
649 1829 721 1884 sicut

135 1895 282 1965 curiosus;
298 1915 354 1954 non
371 1900 442 1956 sicut
458 1899 583 1956 veritatis
598 1905 721 1970 amator,

137 1968 186 2024 scd
201 1968 274 2025 sicut
286 1973 426 2039 tentator;
444 1986 499 2027 non
515 1976 661 2044 tamquam
675 1972 719 2028 lu-

135 2045 265 2098 craturus
278 2039 343 2098 inde
355 2043 480 2116 aliquam
496 2043 657 2114 utilitatem,
671 2044 721 2102 sed

134 2111 244 2183 patiens
258 2129 397 2172 novorum
416 2115 577 2187 cupidinem
593 2133 600 2172 :
614 2121 644 2172 at
662 2120 722 2188 ipse

135 2191 253 2257 propter
275 2187 345 2256 lioc,
367 2189 441 2243 nibil
460 2189 506 2242 illi
528 2189 719 2260 respondebat,

134 2271 186 2314 nec
203 2257 290 2314 etiam
310 2258 426 2330 signum
443 2257 558 2330 aliquod
574 2276 670 2318 coram
685 2276 720 2316 co

136 2323 268 2386 iaciebat.
295 2331 378 2386 Stans
401 2329 516 2402 quidem
539 2333 622 2388 lesus
648 2331 721 2387 sicut

134 2414 226 2472 agnus
244 2401 493 2458 mansuetissimus
507 2400 610 2473 ligatus
625 2418 721 2458 coram

135 2487 179 2538 eo,
197 2471 350 2542 inquisitus
374 2475 471 2540 tacuit,
496 2476 524 2528 et
546 2479 722 2544 exspectatus

135 2542 273 2600 miracula
293 2542 430 2600 adhibere
450 2543 632 2626 contempsit,
654 2546 721 2618 qnia

136 2612 255 2671 liaconis
269 2613 454 2671 incredulitas
468 2619 497 2672 et
513 2616 663 2674 curiositas
677 2615 720 2672 di-

134 2685 266 2742 vinanon
277 2685 548 2744 merebaturaudire
557 2689 600 2744 iel
613 2687 719 2758 videre,

134 2764 164 2814 et
174 2756 312 2814 [lominus
322 2773 402 2814 suain
410 2757 580 2830 jactantiam
590 2767 618 2816 et
628 2765 721 2816 osten·

133 2829 721 2902 tatianemdeclinabat,suamquenolebat

135 2899 458 2974 Passionemimpeilire.
469 2902 720 2970 Unde,secundum

135 2974 271 3040 arissam,
282 2973 350 3044 quia
361 2974 487 3030 llerodes
499 2991 557 3030 non
572 2976 722 3046 reputabat

135 3045 280 3102 Christum
296 3045 482 3114 salvatorem,
498 3045 548 3102 sed
561 3045 721 3103 incantato·

135 3131 206 3186 reni,
221 3116 286 3173 ideo
300 3133 357 3174 non
368 3117 542 3189 eratdignus
552 3133 604 3174 nec
615 3118 719 3187 verbis,

134 3203 187 3245 nec
206 3187 350 3246 miraculis
371 3188 485 3247 Christi.
505 3191 549 3258 Et,
565 3191 722 3247 secundum

133 3261 322 3330 Ambrosium,
338 3261 465 3318 Herodes
480 3277 513 3318 ex
528 3262 652 3334 quadam
668 3278 722 3318 cu-

134 3331 264 3390 riositate
288 3333 425 3390 miracula
445 3333 509 3390 lteri
533 3334 626 3406 petiit,
646 3332 722 3404 quod

134 3405 263 3460 Christus
283 3405 389 3466 renuit,
404 3405 508 3461 docens
526 3421 577 3460 nos
598 3419 648 3475 per
668 3406 722 3461 lioc

130 3475 299 3548 jactantiam
315 3475 469 3532 declinare.
488 3477 543 3532 Per
560 3477 614 3531 lioc
634 3474 722 3531 etiam

134 3547 211 3618 quod
219 3547 347 3604 Christus
355 3562 450 3602 coram
460 3546 571 3604 Herode
581 3545 721 3602 incestuo-

134 3634 166 3674 so
174 3617 352 3674 ethomicida
366 3617 458 3674 noluit
467 3618 604 3675 miracula
616 3618 720 3688 lacera,

134 3689 720 3762 necsuisinterrogationibusrespondere,

134 3761 305 3833 significavit
317 3762 392 3832 quod
404 3763 475 3819 tales
486 3768 515 3819 et
530 3777 629 3819 omues
643 3761 721 3834 impii

134 3849 191 3890 non
211 3837 277 3888 sunt
296 3832 375 3904 digni
394 3849 481 3904 opera
500 3832 598 3891 divina
612 3833 720 3903 videre,

136 3919 189 3962 nec
204 3905 266 3975 ejus
281 3919 416 3974 responsa
430 3905 547 3962 habere.
564 3937 597 3948 -
614 3907 651 3961 Ei
669 3906 723 3962 lioc

132 3975 254 4034 articulo
268 3975 421 4032 derisionis
431 3977 558 4034 babetur
570 3979 723 4034 documen·

136 4053 207 4116 tuni,
219 4048 377 4104 secundum
388 4047 559 4118 Gregoriurn,
570 4053 602 4104 ut
612 4047 723 4120 quoties

132 4119 278 4178 auditores
299 4118 389 4176 nostri
407 4129 506 4176 nostra
524 4121 623 4176 volunt
639 4118 721 4191 quasi

130 4191 274 4250 laudandi
288 4193 473 4262 cognoscere,
487 4207 544 4248 non
559 4197 656 4247 autem
669 4206 721 4247 sua

130 4279 265 4338 perversa
284 4269 405 4331 mutare,
425 4262 542 4320 omnino
563 4269 718 4330 taceamus,

132 4353 169 4394 ne
182 4335 206 4393 si
221 4333 423 4394 ostentationis
433 4335 527 4394 studio
539 4334 656 4394 verbum
666 4331 719 4390 Dei

775 463 928 538 loquimur,
945 469 974 522 et
992 479 1093 522 eorum
1112 478 1177 535 quie
1195 465 1257 520 erat
1275 459 1356 531 culpa

774 553 836 596 esse
854 553 912 595 non
926 537 1049 606 desinat,
1065 541 1093 593 et
1109 539 1208 592 nostra
1221 549 1285 606 quae
1301 547 1356 588 non

774 613 836 667 erat
848 610 908 668 ilat.
924 609 1012 668 Multa
1031 613 1128 666 autem
1142 611 1209 664 sunt
1224 621 1287 688 quae
1303 619 1357 685 au3

774 681 878 738 dientis
898 682 1025 738 animum
1045 679 1181 754 produnt,
1195 691 1315 733 maiume
1333 691 1357 730 si

774 752 918 810 auditores
941 752 1031 810 nostri
1053 759 1081 808 et
1104 765 1217 821 semper
1241 747 1357 806 laudant

794 825 851 882 uod
863 824 995 894 audiunt,
1004 829 1033 882 et
1040 837 1197 893 numquam
1211 819 1288 892 quod
1301 819 1358 874 lau·

774 841 1113 968 iantsequuntur.-Ad
1124 891 1359 949 conformandum

775 985 805 1025 se
820 968 885 1024 liuic
897 968 1028 1036 articulo,
1048 969 1256 1023 rememoretur
1275 963 1359 1020 liomo

775 1041 880 1097 tactum
890 1039 1013 1106 articuli,
1024 1043 1052 1094 et
1063 1035 1252 1094 oretdicendo
1265 1053 1271 1091 :
1284 1036 1359 1101 iesu,

775 1115 825 1184 qui
834 1113 869 1168 ab
878 1113 983 1167 Herode
992 1111 1125 1166 daisoric
1135 1109 1232 1164 multis
1244 1109 1360 1162 interro·

774 1188 839 1254 pari
860 1184 1030 1241 sermonibus
1052 1182 1176 1249 uoluisti,
1200 1195 1249 1235 neo
1272 1180 1299 1233 ei
1322 1175 1360 1230 od

775 1258 863 1312 attu'm
877 1257 988 1312 oerbnin
1007 1252 1172 1326 respondere
1191 1251 1308 1317 cnrmti',
1323 1247 1361 1302 do

775 1324 1362 1398 mibiamoretao,qnandooportet,sarno-

775 1416 822 1455 nes
836 1401 983 1456 derisorios
995 1400 1134 1470 patienter
1144 1397 1360 1458 aridirameam·

777 1489 828 1544 quc
834 1473 1003 1542 jactantiam
1012 1485 1073 1526 cuin
1085 1469 1196 1524 silentio
1211 1466 1362 1522 declinare.

816 1549 845 1600 ib
860 1546 1018 1601 accusares
1037 1541 1169 1598 Cunisrns
1184 1553 1255 1594 arun
1275 1537 1363 1592 liano·

777 1633 847 1684 onii,
872 1629 1052 1672 nocuunninu
1078 1629 1112 1668 iix
1136 1627 1198 1668 ains
1228 1623 1363 1675 siaaurio,

776 1703 859 1744 acras
886 1701 1118 1744 conroiuirionis
1142 1701 1174 1738 ar
1201 1697 1312 1738 onario.
1330 1707 1363 1720 ·-

776 1760 895 1816 Stabant
908 1764 999 1814 autern
1010 1762 1035 1812 et
1042 1758 1182 1828 principes
1191 1753 1365 1809 sacerdotum

778 1837 803 1886 et
818 1831 921 1887 Scriba
939 1833 1095 1886 constanter
1114 1831 1274 1882 accusantes
1292 1837 1364 1903 earn,

777 1917 874 1958 coram
901 1900 1022 1958 Herode.
1048 1901 1088 1956 ue
1114 1897 1305 1978 quibuslvero
1326 1894 1364 1950 ilii

778 1989 843 2030 euni
862 1975 1079 2038 accusaverunt,
1097 1968 1365 2048 Evangelistienon

778 2044 1009 2116 exprimunt,sed
1020 2042 1135 2100 tartede
1145 2037 1363 2102 eisdemtnbus,

779 2117 814 2173 de
830 2116 932 2188 quibus
947 2131 1043 2174 coram
1059 2113 1149 2170 Pilato
1163 2127 1228 2169 eum
1243 2123 1365 2166 accusa-

779 2193 887 2256 verant,
908 2186 1028 2244 maiime
1053 2187 1106 2242 boc
1132 2199 1229 2240 coram
1254 2178 1365 2238 llerode

778 2265 981 2342 aggravantes,
1001 2255 1143 2330 quomodo
1163 2252 1366 2338 commovisset

779 2347 943 2389 universum
957 2329 1104 2458 pcgiulum,
1114 2327 1255 2399 incipiens
1264 2340 1282 2381 a
1292 2322 1365 2380 Gali·

778 2403 842 2472 laea,
855 2402 961 2459 scilicet
1006 2399 1113 2458 eminio
1133 2397 1264 2464 Herodis,
1282 2399 1313 2452 ut
1331 2409 1363 2476 ei

778 2475 832 2532 boc
844 2474 936 2531 maris
946 2471 1000 2530 sibi
1014 2471 1110 2530 animo
1120 2473 1290 2537 assumeret,
1299 2479 1365 2548 quia

778 2545 808 2602 in
822 2563 873 2603 suo
889 2519 1014 2603 dominio
1034 2542 1255 2600 commotionem
1274 2553 1363 2622 susci·

778 2622 886 2687 lasset,
912 2617 986 2673 unde
1010 2615 1047 2673 ad
1072 2616 1141 2671 istas
1165 2616 1363 2692 accusationes

779 2689 906 2746 Christus
916 2687 955 2746 nil
967 2686 1125 2760 respondit,
1135 2701 1186 2742 nec
1195 2683 1300 2741 Herodi
1312 2695 1364 2737 nec

778 2760 1001 2828 accusatoribus
1021 2759 1072 2816 sed
1092 2756 1180 2814 tacuit
1198 2774 1205 2812 :
1222 2771 1278 2812 non
1292 2767 1364 2836 ¹con·

778 2832 906 2889 cedendo
921 2846 1020 2888 eorum
1033 2834 1231 2886 accusationes
1245 2829 1362 2882 tacitur-

779 2905 878 2973 nitate,
894 2903 944 2959 sed
959 2901 1142 2984 despiciendo
1158 2905 1305 2970 tamquam
1320 2893 1363 2951 in-

777 2975 880 3046 dignas
893 2990 1088 3046 responsione.
1102 2973 1145 3030 ad
1159 2968 1363 3028 commendan-

778 3046 843 3103 dam
854 3047 957 3128 quippc
970 3044 1136 3118 patientiam
1147 3043 1245 3126 tacuit,
1254 3045 1284 3098 et
1293 3037 1364 3122 nibil

777 3120 939 3190 respondit,
966 3117 1123 3174 secundum
1150 3113 1219 3171 illud
1246 3115 1325 3170 lsaiae
1355 3125 1363 3166 ι

778 3191 865 3258 Quasi
879 3205 968 3259 agnus
982 3205 1073 3245 coram
1088 3187 1215 3244 tondente
1229 3199 1258 3240 se
1271 3185 1364 3266 obinu-

778 3267 869 3318 tesoet.
886 3291 918 3303 -
930 3263 968 3316 Eii
979 3261 1033 3317 lioc
1044 3259 1163 3317 articulo
1175 3264 1365 3334 accusationis

778 3329 1364 3409 trahiturdocumentum,quodnonomni

777 3405 852 3474 loco,
868 3408 897 3461 et
913 3408 1051 3476 tempore,
1068 3409 1096 3459 et
1113 3416 1210 3458 coram
1226 3396 1364 3471 quibusli-

778 3478 836 3542 bet,
846 3475 951 3532 veritas
963 3484 1005 3532 esi
1017 3471 1235 3540 manifestanda,
1248 3469 1298 3527 sed
1309 3469 1366 3541 ple-

778 3563 898 3619 rumque
911 3547 1056 3604 silentium
1067 3545 1195 3602 divinum
1208 3547 1261 3599 est.
1282 3572 1309 3582 ω
1323 3539 1366 3596 ad

778 3618 1054 3676 conformandumse
1064 3617 1111 3674 isti
1122 3614 1367 3694 articulo,memo-

778 3699 858 3746 retur
884 3690 969 3747 homo
995 3689 1166 3762 gravitatem
1192 3683 1365 3752 articulant

778 3768 850 3828 oret,
867 3761 965 3818 dicens
981 3779 988 3816 :
1003 3763 1078 3824 lesa,
1094 3762 1145 3832 qai
1159 3773 1250 3815 coram
1260 3755 1366 3812 Herode

778 3836 942 3891 constitutus
952 3833 1042 3902 falsos
1054 3831 1303 3889 incriminationes.
1317 3841 1366 3882 nec

777 3901 1366 3973 uerboreseltcreooluisti,domibiiniquo-

777 3993 839 4032 rum
866 3993 919 4032 non
944 3979 1043 4045 [rongi
1061 3975 1188 4044 iniuriis,
1211 3987 1259 4027 riec
1286 3984 1367 4025 suern

777 4051 910 4118 mysteria
924 4051 1073 4119 propatore
1088 4046 1227 4114 indignis.

817 4125 848 4176 ib
866 4121 1015 4176 Desiderio
1043 4119 1164 4180 Cunisri,
1187 4127 1368 4171 nocnuaurnii

779 4207 813 4246 iiii
839 4209 873 4248 na
893 4208 924 4246 nr
944 4207 1053 4246 aviaria.
1080 4220 1112 4230 -
1134 4187 1256 4244 limodes
1275 4189 1367 4240 autem

778 4261 888 4332 videns,
900 4261 976 4334 quod
989 4260 1119 4319 Christus
1131 4258 1243 4316 nullum
1256 4255 1368 4340 signum

779 4333 896 4404 laceret,
907 4349 960 4392 nec
972 4333 1091 4392 verbum
1106 4329 1224 4406 aliquod
1233 4327 1270 4388 ad
1280 4333 1370 4386 inter·
