3036 5042
353 425 394 480 bu
422 425 525 480 tutuo
554 420 798 484 coulturoltw,
827 419 859 474 ll
887 417 1051 472 vastioris
1078 419 1204 474 bouill.
1367 423 1392 476 lt

160 533 298 592 dicuntur
315 549 378 592 esso
400 533 431 590 in
459 547 552 604 agona
561 548 571 615 3
585 530 640 600 vel,
656 535 751 603 potest
805 525 900 584 neuile
919 525 1051 610 periculi²
1066 543 1100 586 uo
1118 528 1280 613 vehementi
1294 531 1390 590 anxio·

160 603 217 662 dici
233 607 381 664 caraman
396 610 424 662 et
438 605 587 662 reluctatio
603 601 750 660 sensuali-
805 603 863 655 tate
875 599 1079 681 sensualitatis.
1096 614 1158 670 quan
1175 600 1393 672 permittebatur

161 675 230 736 tetis
249 693 283 734 ac
303 675 434 746 rationis,
450 675 518 747 quia
532 673 701 748 agonizabat
722 680 751 731 et
805 686 890 752 agera
901 676 994 743 etpatv
1007 670 1082 742 quod
1094 679 1155 730 arat
1165 673 1312 746 proprium
1326 671 1392 744 sibi,

159 749 292 806 sentabat
312 748 342 806 in
364 765 398 806 oo
417 745 542 805 mirabili
561 761 667 818 pugna,
683 761 749 802 sen·
805 743 1040 825 inflammabatur
1054 759 1103 800 cor
1123 747 1151 800 et
1167 759 1279 816 corpus,
1296 745 1336 804 ita
1352 753 1393 816 ut,

159 819 279 878 sualitas
303 819 471 878 naturaliter
491 823 612 876 mortem
629 817 751 874 borrans
806 813 1155 886 apeuvspous,etuueret
1167 816 1395 876 sudorrubtouu·

160 898 189 950 at
203 908 349 962 recusans,
361 909 395 950 ac
405 890 479 950 ratio
492 888 630 946 voluntati
646 887 750 946 divinas
807 885 895 943 dusst
903 885 1089 968 sanguineus.
1098 887 1345 960 lstesauguiserat
1352 907 1385 948 ve

158 965 257 1022 obtem
280 981 375 1034 araus,
395 971 424 1022 ot
442 963 535 1036 ipsam
557 967 679 1018 mortem
698 976 750 1032 pro
806 973 855 1014 rus
863 961 891 1014 et
899 957 1236 1030 naturalisquautumad
1246 961 1395 1019 varitaum

157 1036 250 1094 salute
261 979 389 1092 bumana
399 1035 511 1102 zelans;
523 1033 590 1105 quia
599 1033 751 1091 virtutodi·
806 1028 963 1086 existentia
977 1034 1005 1085 et
1019 1029 1211 1112 depurissima
1221 1031 1324 1090 Christi
1336 1051 1395 1092 suaa

156 1105 448 1179 vinaquaelibetpars
461 1105 704 1178 permittebatura
724 1121 752 1162 a·
807 1115 910 1182 carne3
929 1075 978 1158 sed
995 1101 1187 1160 miraculosus
1209 1110 1238 1160 et
1260 1121 1317 1163 noa
1342 1122 1394 1166 ua·

157 1195 202 1248 re,
224 1178 267 1236 vel
285 1177 343 1251 pati
359 1178 436 1248 quod
450 1176 597 1258 proprium
612 1183 673 1234 orat
687 1121 752 1234 sibi·
806 1172 916 1255 turalvs,
926 1178 1062 1244 quantum
1075 1173 1112 1230 ad
1126 1175 1241 1232 modum
1251 1179 1395 1250 profluen-

159 1249 285 1322 matipsi.
298 1252 362 1306 tarn
373 1254 470 1306 mutan
485 1249 616 1305 vincebat
631 1253 750 1306 mortem
805 1251 865 1314 aaa,
885 1243 962 1316 qula,
980 1245 1135 1302 seeundum
1158 1247 1272 1318 Rectam,
1294 1256 1394 1307 contra

161 1321 435 1379 animodumetiam
448 1321 521 1378 mori
533 1319 750 1392 volebatquam
805 1321 937 1374 naturam
955 1322 1009 1386 est,
1025 1315 1192 1389 sanguinem
1216 1319 1330 1378 sudare.
1347 1321 1393 1380 Sia

159 1398 228 1466 post
248 1392 315 1450 vicit
330 1398 396 1450 autu
421 1394 428 1448 i
451 1407 494 1462 so,
519 1390 628 1448 scillcet
648 1403 750 1449 rasur—
806 1389 893 1446 otiam
908 1393 1020 1461 oportet
1038 1389 1133 1446 dicare
1152 1391 1188 1448 da
1206 1394 1345 1462 sanguiue
1364 1397 1393 1451 et

160 1464 267 1537 gendo.
286 1464 352 1534 Sed,
369 1409 449 1521 heu?
469 1463 632 1522 colluctatio
657 1463 750 1520 caruis
805 1475 879 1544 aqua
890 1461 987 1520 lateris
1000 1459 1102 1518 Christi
1114 1463 1174 1535 jam
1190 1465 1392 1536 mortui‚quod

159 1535 199 1618 ad
214 1535 355 1608 spiritum,
374 1535 434 1592 siva
448 1535 640 1593 sensualitatis
657 1535 693 1592 ad
705 1551 749 1592 ra·
805 1531 859 1616 luit
873 1549 958 1590 varus
972 1533 1090 1660 saufuis
1110 1538 1137 1590 at
1152 1549 1220 1590 vara
1233 1547 1325 1608 aqoa;
1342 1538 1392 1594 sed

159 1610 282 1675 tionem,
303 1607 443 1678 quosdam
458 1605 608 1664 homiuum
627 1606 693 1664 lacit
708 1623 750 1664 ra·
805 1605 975 1662 miraculoso
1009 1607 1188 1674 alluserunt,
1211 1605 1246 1662 da
1281 1613 1393 1665 mortuo

159 1680 253 1736 troira
268 1679 312 1734 vel
325 1679 496 1748 exorbitare.
512 1684 544 1735 ut
555 1673 750 1752 illosquipao·
804 1691 933 1748 corporo.
952 1675 995 1734 Ad
1009 1669 1084 1758 buno
1103 1677 1261 1734 suavissimi
1281 1677 1394 1737 sudoris

159 1755 229 1806 eant
242 1750 414 1820 mortalitem
428 1756 457 1808 et
475 1750 600 1822 quodam
615 1751 692 1808 lauta
707 1750 750 1806 in·
804 1747 963 1806 balsamum
978 1755 1096 1820 egrotis
1106 1749 1265 1820 proilcuum
1280 1751 1393 1821 festina,

158 1821 274 1889 eadere,
296 1821 356 1880 sivo
378 1821 409 1878 iu
430 1822 476 1878 via
496 1825 613 1890 moravi,
635 1827 665 1879 ut
685 1822 750 1880 illos
804 1835 841 1876 ne
856 1819 1024 1888 tardaveris,
1043 1825 1075 1876 ut
1089 1819 1156 1878 iude
1168 1821 1263 1879 sanari
1281 1837 1393 1880 morea-

161 1891 212 1965 qui
235 1898 354 1964 peccant
372 1891 531 1954 venialiter.
553 1894 634 1952 Unda
648 1893 679 1950 iu
693 1895 747 1951 hu·
803 1889 853 1948 ris.
870 1891 950 1948 Unde
962 1890 1002 1948 ait
1011 1892 1159 1948 dussimus
1174 1911 1180 1950 ε
1199 1913 1213 1946 a
1229 1893 1301 1959 Quid
1315 1895 1396 1950 stus?

155 1964 285 2038 jusmodi
301 1981 396 2038 pugna
410 1965 548 2038 prolixius
558 1971 601 2022 est
616 1965 747 2035 madum,
803 1963 939 2032 decurre,
959 1969 987 2019 ot
1006 1963 1190 2020 suavissimas
1214 1963 1278 2022 illas
1299 1971 1394 2036 guttas

159 2039 195 2094 ut
206 2039 298 2094 oratio
308 2039 431 2094 sitrecte
441 2042 470 2094 et
479 2037 748 2106 voluutacoustaus‚
804 2035 946 2116 lamba‚at
962 2035 1106 2105 pulverem
1126 2036 1231 2107 pedum
1245 2035 1322 2094 illius
1343 2036 1395 2094 liu-

161 2123 196 2166 ae
215 2109 385 2166 sensualitas
404 2107 617 2178 restoration,
636 2113 664 2166 et
675 2109 749 2166 ratio
804 2122 853 2176 ge3
873 2107 932 2188 noli
948 2105 1075 2163 dormire
1092 2122 1155 2163 cum
1176 2107 1260 2162 Patro
1281 2111 1309 2164 et
1326 2108 1392 2166 tiliis

160 2178 266 2237 divinos
294 2181 432 2238 voluntati
460 2197 518 2238 nou
549 2179 680 2247 obsistat,
699 2180 749 2238 sed
803 2177 944 2246 Zebedaei,
955 2179 1130 2236 nemerearis
1143 2177 1323 2236 audire:Sio
1334 2197 1391 2238 uon

160 2251 288 2320 obediat,
303 2261 331 2309 et
349 2252 403 2324 ipsi
421 2251 550 2310 dicamus
567 2270 573 2308 ι
590 2254 652 2310 Non
673 2268 749 2322 mea,
824 2248 920 2306 otuisti
936 2262 993 2306 una
1007 2250 1078 2306 hora
1093 2248 1210 2332 vigilare
1225 2253 1360 2308 mecum?
1375 2274 1389 2302 ιι

160 2323 213 2381 sed
229 2329 277 2382 tua
290 2324 534 2382 voluutesfiat.1n
547 2329 623 2381 statu
638 2323 749 2392 mortis,
803 2265 1034 2404 Eaecduselmus.
1048 2319 1145 2392 Surgit
1156 2322 1243 2394 igitur
1255 2325 1339 2380 tertio
1354 2325 1390 2380 ab

161 2395 324 2454 districtum
336 2395 484 2468 judicium,
497 2401 526 2454 et
537 2412 572 2453 aa
586 2413 648 2468 qua
663 2397 750 2453 bomo
805 2399 935 2452 oratioue
950 2410 979 2450 ιιι
998 2409 1055 2465 oua
1075 2395 1179 2464 stabat,
1193 2393 1271 2452 iteris
1287 2396 1314 2451 in
1327 2399 1391 2453 ter-

162 2483 321 2549 numquam
342 2473 427 2525 antea
446 2467 575 2538 resoluit,
591 2467 617 2524 ei
633 2468 752 2525 veniunt
805 2483 866 2524 ram
890 2466 1021 2537 genibus,
1039 2469 1116 2524 totus
1138 2466 1277 2538 sauguine
1293 2467 1389 2524 made·

161 2537 194 2595 iu
208 2555 346 2596 animum.
364 2541 394 2598 ln
410 2539 598 2611 cujus‘iigura
609 2541 749 2609 Christus,
806 2537 1008 2608 lactu53quem
1021 2537 1153 2608 conspice
1163 2543 1324 2620 tergentem
1338 2537 1392 2596 sibi

161 2610 412 2684 appropinquante
429 2617 532 2682 morta,
552 2612 643 2668 iaetus
658 2619 702 2668 est
721 2611 751 2668 in
806 2610 925 2678 vultum,
942 2609 985 2666 vol
1006 2610 1079 2667 sorte
1099 2609 1184 2666 etiam
1212 2625 1242 2668 ιιι
1266 2615 1393 2668 torrento

161 2681 279 2764 agonia.
305 2683 383 2740 Unde
407 2683 448 2765 ait
470 2684 617 2753 oreporssa
633 2702 641 2738 ι
657 2703 672 2736 ιι
688 2685 751 2755 Ap·
806 2680 960 2750 lavantem,
977 2687 1127 2752 totumquo
1150 2681 1288 2764 aitlietum
1311 2699 1393 2739 revo-

160 2759 751 2898 dtltllltlstltlvlllilslttu
806 2756 1096 2882 {illatrant
1110 2755 1395 2909 solstitii?

160 2899 221 2954 vim
235 2897 388 2968 quamdam
403 2897 522 2956 terroris
541 2903 571 2954 et
590 2898 751 2956 formidinis
804 2896 851 2970 jus
861 2900 949 2952 testes
959 2902 1023 2952 suut
1037 2901 1124 2969 guttae
1135 2897 1283 2970 sanguinis
1297 2898 1395 2954 decur-

160 2969 299 3042 patimur‚
312 2985 376 3026 cum
395 2985 447 3042 por
466 2967 637 3027 solutionem
656 2969 752 3028 caruis
807 2967 898 3026 rantis
920 2967 950 3024 in
970 2972 1132 3038 terrau1‚at
1155 2969 1181 3024 ei
1197 2969 1296 3026 intime
1315 2985 1394 3026 com·

162 3046 273 3098 esterno
285 3040 393 3113 judicio
408 3040 679 3126 appropinquamus.
695 3043 752 3099 Nec
806 3045 915 3113 patere,
932 3037 1000 3113 quia
1014 3057 1072 3098 uon
1085 3039 1146 3098 sina
1160 3040 1269 3112 ingenti
1282 3041 1393 3098 acerbi·

164 3111 309 3170 immerito
322 3117 392 3170 tuuc
408 3129 504 3170 anima
522 3119 657 3181 torretur,
676 3129 753 3186 quo·
807 3117 865 3168 tate
880 3112 988 3168 doloris
1009 3113 1064 3169 boo
1080 3113 1134 3169 sibi
1157 3113 1252 3185 potuit
1275 3111 1392 3170 contiu-

164 3184 245 3243 niam
259 3189 324 3256 post
337 3184 474 3256 pusillum
489 3186 543 3242 boo
555 3185 664 3242 invenit
676 3185 753 3257 quod
807 3199 884 3256 gere.
904 3185 1063 3254 numquam
1078 3183 1154 3240 anim
1173 3183 1274 3256 aliquis
1285 3189 1390 3241 morta·

163 3255 196 3313 in
220 3261 359 3312 aeternum
383 3261 495 3313 mutare
521 3273 579 3313 non
603 3256 702 3328 possit.
723 3256 751 3314 Si
806 3255 876 3312 lium
911 3256 948 3312 ab
976 3255 1075 3312 mortis
1102 3256 1252 3312 horrorem
1277 3255 1393 3313 auditur

163 3325 243 3386 enirn
266 3325 488 3398 consideremus,
504 3328 580 3400 quod
594 3329 669 3388 siam
687 3328 752 3386 vitae
807 3327 941 3383 sudorem
965 3325 1070 3382 indisso
1092 3327 1296 3399 sanguineum
1316 3327 1393 3385 unde

162 3399 315 3474 praesentis
351 3415 534 3470 naquaquam
568 3399 631 3457 sine
669 3400 753 3471 eulpa
807 3403 885 3471 patet
903 3399 965 3471 ojus
980 3413 1135 3470 numquam
1156 3398 1279 3456 similem
1305 3399 1393 3457 luisse

163 3469 290 3528 transire
303 3471 462 3553 potuimus,
479 3477 507 3528 ot
528 3472 604 3544 quod
624 3488 677 3528 neo
698 3473 753 3528 boe
806 3471 945 3528 dolorem.
977 3471 1008 3526 ln
1038 3471 1092 3528 hoc
1125 3471 1239 3543 quidem
1275 3475 1393 3555 apparat

162 3541 260 3615 ipsum
288 3559 349 3600 stne
376 3547 457 3600 reatu
483 3549 580 3600 nostro
606 3549 650 3600 ast
677 3543 753 3616 quod
806 3547 913 3614 quantu
927 3542 1014 3600 luerit
1024 3541 1185 3601 amaritudo
1200 3542 1303 3602 Christi
1329 3547 1392 3600 l‘as·

163 3613 350 3672 laudabiliter
365 3614 516 3686 gessimus,
531 3613 554 3672 sl
570 3621 681 3673 remota
696 3619 754 3688 pie·
807 3613 906 3683 sionis,
917 3619 997 3684 eujus
1007 3615 1068 3671 sola
1078 3615 1211 3688 cogitatio
1222 3621 1333 3674 tautum
1344 3631 1393 3671 na·

163 3691 224 3743 tato
249 3685 433 3768 judicemur3
459 3686 562 3743 merito
594 3687 623 3742 in
649 3686 754 3760 agonia
807 3691 901 3743 turam
915 3686 1085 3757 immutavit,
1097 3689 1174 3759 quod
1188 3703 1246 3760 prm
1262 3685 1394 3760 angustia

162 3757 389 3816 constituimur:
408 3779 423 3810 ιι
440 3758 501 3814 hmo
520 3759 676 3828 dreposa'us.
808 3756 976 3828 sauguinem
994 3758 1211 3832 sudarscoegit.
1223 3762 1288 3816 liae
1300 3774 1394 3831 pugna

205 3829 752 3894 vosonoassuoumisssusouamarosas.
809 3830 871 3901 ejus
885 3834 914 3885 ot
927 3828 1054 3886 anxietas
1069 3831 1224 3903 Martyrum
1238 3831 1395 3888 certamina

164 3933 202 3944 -
215 3901 259 3967 Et,
273 3917 335 3957 suus
351 3901 488 3958 Dominus
500 3901 635 3973 prolixius
647 3906 753 3966 oravet,
809 3906 837 3957 ut
850 3916 958 3972 agones
971 3899 1147 3972 signiiloaus,
1162 3902 1316 3975 plurimum
1331 3917 1396 3959 uon-

166 3971 284 4028 iuterim
299 3973 386 4030 sudor
400 3972 635 4041 servantissimus,
651 3973 681 4030 in
696 3988 754 4028 vno·
810 3973 918 4028 solatur
940 3977 969 4030 et
986 3974 1128 4030 coufortat
1149 3973 1345 4046 pusillanimes
1367 3977 1395 4029 at
1493 3975 1499 3988 ’

166 4044 236 4100 dum
250 4043 397 4116 sanguinis
411 4059 563 4116 erumpens
579 4045 607 4100 iu
622 4047 675 4100 lino
689 4061 755 4116 ago·
808 4041 951 4112 infirmos,
965 4049 993 4100 et
1011 4045 1047 4101 ad
1062 4059 1189 4102 amorem
1206 4045 1307 4102 incitat
1320 4042 1395 4116 tepi-

165 4112 217 4172 nia
232 4117 290 4172 sive
306 4115 474 4188 certamus,
493 4114 628 4188 usquein
648 4121 755 4172 terram
780 4114 783 4207 l
809 4114 905 4196 dosat
920 4117 1054 4188 ingratos.
1072 4118 1150 4174 Unda
1167 4115 1208 4174 ait
1218 4117 1365 4173 dussimus
1384 4133 1393 4169 .·

164 4185 345 4244 abundanter
367 4190 508 4245 currebat.
538 4191 574 4244 Et
599 4190 692 4257 (uatus
715 4193 755 4244 est
781 4242 782 4265 p
810 4187 914 4243 Positis
929 4189 1177 4261 quoquegonibus
1190 4188 1394 4268 iuterrapro·

164 4257 252 4316 sudor
267 4259 328 4328 ejus
343 4263 415 4315 daut
436 4264 521 4329 putta
539 4263 685 4329 sonpatuis
706 4261 754 4316 da·
781 4302 783 4331 ι
810 4257 903 4315 uidisti
929 4257 960 4314 iu
987 4259 1089 4320 rudem
1115 4267 1194 4318 tunm
1217 4261 1341 4317 adorans
1364 4272 1394 4312 ιιι

165 4334 303 4387 amento
317 4333 348 4386 tu
362 4335 474 4388 tmen.
489 4333 528 4388 Ex
547 4331 659 4389 fervore
679 4331 755 4388 enim
780 4352 783 4442 p
810 4328 924 4402 agonia,
939 4335 967 4388 at
981 4330 1079 4388 dicens
1095 4349 1102 4387 :
1117 4333 1199 4388 Abba
1211 4335 1295 4388 Pater
1307 4331 1357 4398 mi,
1369 4330 1396 4385 ιι·

166 4401 281 4472 orandi,
302 4407 332 4459 at
350 4418 384 4460 aa
407 4403 636 4478 apprehensione
660 4401 754 4460 immi·
780 4443 783 4472 ,
808 4403 940 4474 possibtts
952 4407 1003 4467 ast,
1018 4408 1142 4460 tramant
1156 4421 1174 4460 a
1187 4415 1229 4460 ms
1241 4403 1317 4458 calta
1330 4403 1392 4458 iste.
