2974 5040
393 413 436 466 llll
463 413 587 476 sexti,
617 415 646 468 itt
674 413 834 468 Pissiotte
864 411 1000 468 DOMINI.

85 523 173 584 eisin
193 521 322 579 oratione
341 515 447 575 Christi
473 517 509 573 ad
525 516 673 573 crucilliio·

84 612 151 654 rum
179 591 389 651 malleationem
406 594 468 645 erat
491 587 624 656 melodia,
638 589 674 646 de

84 667 168 736 cujus
187 661 375 722 consonantia
395 677 531 743 conyena
551 665 618 716 sunl
633 663 673 716 tot

83 739 195 798 miliial
211 739 267 794 Nec
283 749 396 802 mirum,
408 749 475 805 quia
490 747 549 804 ipse
563 737 673 790 tantam

84 807 334 868 mansuetudinem
351 821 469 862 servans
484 805 510 858 in
528 809 674 862 containe-

83 884 145 946 liis,
159 888 267 938 lamam
286 877 453 952 patientiam
475 877 629 932 ostendens
644 875 673 932 iri

82 953 248 1021 tormentis,
271 968 311 1008 sic
340 949 442 1006 miram
467 947 672 1016 benignitatem

82 1029 226 1084 eiibibens
256 1020 487 1088 crucifixoribus,
514 1019 672 1078 eiiiilcutius

82 1096 241 1156 declaravit
253 1112 283 1152 se
300 1093 399 1150 Filium
409 1108 470 1149 esee
485 1090 576 1148 Patris
587 1107 672 1162 ouem

82 1171 197 1228 orabat.
218 1167 288 1236 Quid
305 1165 380 1222 enini
399 1165 490 1234 majus
504 1161 671 1220 miraculum

82 1243 141 1298 bac
155 1239 280 1311 benigna
294 1237 418 1306 pietate?
428 1237 486 1292 lloe
500 1233 604 1306 quippe
614 1251 673 1292 ver·

82 1315 156 1371 bum
171 1327 282 1384 magnae
298 1307 442 1382 patientiae
457 1312 486 1363 el
500 1313 672 1364 mansuelu-

81 1384 171 1450 dinis,
192 1381 285 1454 magni
302 1379 426 1438 dulcoris
446 1387 475 1436 et
498 1379 588 1436 veniae
609 1379 670 1436 tuit.

82 1459 116 1513 ln
132 1473 187 1527 quii
200 1454 300 1526 triplex
312 1459 392 1510 aetus
404 1453 530 1510 cantatis
543 1451 672 1508 maiilmae

82 1529 218 1611 apparuit
235 1544 241 1582 :
257 1525 360 1599 primo,
375 1523 441 1594 qnia
457 1537 508 1596 pre
524 1522 671 1580 crucifixo·

81 1603 165 1657 ribus
184 1596 419 1655 affectuosissime
439 1593 549 1664 eravit;
568 1611 671 1652 secun·

82 1672 134 1738 do,
150 1670 215 1744 quia
234 1668 356 1727 orationi
371 1669 512 1740 lacrymas
525 1666 670 1736 adjunxit3

82 1743 181 1810 terlio,
197 1741 264 1814 quia
278 1758 338 1798 cum
352 1742 469 1797 clamem
481 1741 575 1794 nolito
590 1744 618 1795 et
634 1738 671 1794 la·

83 1830 249 1887 crymarum
270 1811 416 1872 effusione.
433 1826 484 1883 pro
498 1809 567 1882 ipsis
579 1827 671 1883 preces

83 1888 188 1944 obtulit
216 1885 294 1943 Unde
309 1889 349 1942 ait
362 1884 519 1941 benardus
536 1901 542 1939 :
560 1903 574 1934 ii
590 1881 671 1940 Cliri·

82 1965 147 2016 stus
159 1958 279 2030 flagellis
292 1973 393 2024 caesus,
404 1953 494 2026 spinis
507 1959 670 2018 coronatus,

82 2030 174 2086 clavis
189 2030 345 2090 confossus,
358 2028 435 2099 liguo
448 2025 610 2095 crucifixus,
623 2041 672 2098 op·

82 2101 210 2186 probriis
226 2106 378 2168 saturatus,
395 2100 522 2156 omnium
540 2099 671 2156 dolorum

81 2189 247 2240 immemor,
256 2174 364 2229 dicebat
376 2191 383 2226 ε
396 2174 477 2227 Pulcr
484 2171 593 2226 dimitte
601 2172 670 2228 illis.

82 2247 157 2303 Hinc
181 2249 277 2304 inultae
305 2242 427 2300 miseriae
442 2240 589 2325 corporis3
605 2240 671 2298 bine

82 2319 182 2374 multa
198 2315 400 2374 misericordiae
422 2314 525 2370 cordis.
550 2314 671 2384 Oquam

82 2389 200 2446 firmata
214 2393 256 2444 eet
279 2403 365 2460 super
383 2387 460 2460 ipsos
478 2384 671 2442 misericordia

83 2467 145 2528 tua,
162 2466 190 2518 et
205 2475 291 2533 qnam
314 2475 417 2531 magna
438 2457 591 2515 multitudo
611 2457 671 2513 dul-

82 2532 193 2590 cedinis
217 2531 418 2588 misericordiae
442 2529 517 2586 tuael
535 2527 670 2600 qnoniam

81 2605 207 2678 potabis,
223 2601 669 2671 Domine,desideranlesle,lor-

82 2685 167 2734 rente
182 2675 331 2746 voluptatis
344 2681 422 2731 tuae:
441 2695 454 2726 ii
470 2675 529 2730 baec
545 2675 670 2729 Bernar-

81 2749 146 2804 dua.
164 2749 223 2804 Non
240 2763 309 2818 ergo
325 2747 456 2818 desperet
470 2747 572 2802 amodo
591 2743 669 2816 quis·

82 2835 172 2892 quam
195 2818 338 2892 poenitens
363 2835 415 2890 pro
441 2815 574 2890 peccatis,
601 2831 670 2888 pen·

79 2891 293 2964 sandocopiam
306 2893 405 2962 gratia
415 2887 568 2947 salvatoris
590 2888 669 2944 Unde

83 2967 280 3034 depastione:
298 2983 311 3014 ii
329 2962 400 3029 Quid
421 2967 517 3018 aulem
532 2975 669 3016 converso

82 3031 670 3107 uonignoscitnrlQnishomicidadespe-

82 3113 139 3174 ret,
158 3124 180 3162 si
206 3107 233 3163 lii
250 3123 329 3180 spem
355 3105 483 3162 redditus
502 3109 591 3172 est,a
614 3119 670 3176 quo

82 3179 172 3237 etiam
186 3177 314 3235 cbristus
328 3180 436 3234 occisus
451 3176 516 3232 est‘l
533 3197 543 3226 i

123 3271 156 3324 29
172 3251 356 3308 Docniieurnu
386 3267 419 3306 ax
448 3265 501 3305 noc
527 3265 614 3304 vanno
638 3265 670 3304 ar

84 3322 485 3380 auario.-l²erboeierbum
495 3319 671 3391 Domiuipri·

85 3411 163 3454 mum
173 3395 308 3452 docemur
317 3398 445 3466 petentes
456 3407 507 3448 iios
516 3391 572 3448 cito
584 3407 670 3448 eiiau-

82 3467 158 3534 dire,
174 3465 350 3538 iniuriaeque
364 3469 519 3532 remittere,
535 3468 564 3521 et
580 3463 670 3519 vindi-

83 3547 147 3596 ctas
162 3555 219 3594 non
235 3545 380 3611 expetere3
396 3535 530 3593 acatium
546 3551 597 3608 pro
615 3534 670 3592 ini·

84 3607 671 3677 micisiutcrcedereelocare,eosuuedili·

82 3697 164 3756 gere.
180 3682 221 3738 lid
234 3683 350 3740 verbum
360 3680 541 3752 igiturtaiitae
556 3678 671 3751 pietatis

82 3753 248 3811 emolliatur
262 3771 311 3810 cor
326 3759 464 3822 nostrum,
481 3752 553 3808 sicut
568 3751 672 3808 dicitur

81 3825 113 3884 iu
124 3826 237 3882 Psalmo
249 3843 256 3882 ε
267 3827 364 3893 Hodie,
373 3829 398 3881 si
407 3839 496 3880 onoma
508 3827 616 3879 Domini
624 3841 672 3879 aa·

83 3898 207 3960 dieriti's,
223 3899 308 3954 nolite
321 3899 457 3954 obdurare
472 3896 555 3952 cordo
568 3901 669 3966 oestro,

84 3975 117 4027 ut
132 3969 308 4026 dimittamus
321 3970 444 4026 elienses
457 3967 634 4025 debitoribus
643 3973 670 4024 ct

85 4041 305 4112 injuriatoribus
323 4039 447 4109 nosiiis;
464 4045 563 4096 elnon
579 4041 669 4096 solum

84 4111 263 4170 dimittamus
281 4113 414 4182 ellan-as,
439 4111 488 4169 sed
515 4111 600 4168 etiam
620 4127 670 4181 pro

84 4185 154 4258 ipsis
169 4185 407 4254 oremus,intuitu
418 4184 479 4258 ejus
494 4183 542 4254 qui
557 4185 669 4240 Patrem

85 4255 213 4314 etei-aiil
238 4273 290 4340 pro
314 4254 543 4330 persecutoribus
565 4255 671 4311 suiset

84 4329 308 4387 crucifixoribus.
325 4329 405 4386 Unde
417 4333 456 4384 ait
474 4329 669 4397 nepesinae:

84 4419 98 4454 ii
116 4401 186 4460 vide
200 4399 329 4460 raritatis
342 4397 529 4471 affluentiam,
545 4403 573 4456 el
588 4397 671 4457 mira·

167 4497 236 4548 vira
252 4497 319 4550 iasii
335 4496 454 4560 Camari,
470 4509 556 4548 roiins
572 4493 621 4546 lv.

1277 421 1320 474 ll3

703 523 707 607 l
732 515 819 596 bilem
835 511 1002 585 patientiam
1021 533 1027 573 :
1045 532 1095 588 pro
1110 517 1233 579 inimicis
1252 525 1320 582 lacit

732 593 901 650 orationem,
927 586 1056 656 remittit,
1082 595 1111 647 et
1132 607 1188 649 noii
1213 595 1319 668 expetit

733 660 881 716 ultionem.
892 657 1041 738 Uurigitur
1057 661 1184 722 lormiea.
1200 665 1317 739 festuca,

731 731 803 788 cinis
830 731 965 810 petiiset
985 731 1080 790 lavilla
1095 733 1249 796 vindictam
1275 757 1320 796 ex·

730 803 804 876 petis
826 801 1021 860 remissionem
1037 807 1188 876 protrahis.
1200 827 1265 868 cum
1279 811 1318 870 vi·

731 876 800 932 deas
816 874 921 944 Regem
937 875 1319 953 gloriaellnminumquevir·

731 951 824 1005 tntum
841 951 1033 1006 remittentem
1049 949 1152 1022 minas,
1170 959 1318 1014 contume-

731 1019 792 1077 lias.
806 1024 835 1076 et
849 1015 1052 1090 blasphemias,
1064 1027 1092 1079 et
1107 1024 1317 1085 contionantem

731 1091 824 1148 criinis
837 1087 981 1148 molestias
995 1097 1024 1150 el
1037 1094 1130 1153 reales
1146 1097 1285 1170 injurias?
1300 1119 1316 1152 ii

730 1165 810 1222 Unde
825 1167 854 1221 el
868 1161 1037 1221 Ansetmui:
1054 1185 1068 1219 n
1095 1167 1137 1224 ild
1157 1168 1250 1228 locum
1265 1171 1316 1230 de·

730 1236 832 1294 ductui
851 1235 980 1308 supplicii
1008 1239 1124 1310 myrrha
1150 1246 1266 1313 potatur
1288 1248 1318 1301 et

730 1307 804 1365 lelle.
817 1312 871 1386 lta,
885 1323 913 1362 in
928 1325 1010 1366 cruce
1027 1310 1149 1380 levatur,
1167 1317 1195 1369 el
1217 1313 1287 1372 dicit
1308 1332 1315 1372 :

729 1383 823 1449 Potor,
839 1381 950 1436 dimitte
964 1383 1033 1440 illis.
1049 1399 1103 1440 noa
1126 1387 1196 1442 enim
1223 1389 1317 1445 arioni

730 1454 800 1524 quid
817 1455 937 1522 fuciunt.
962 1453 1058 1520 Qualis
1078 1459 1120 1512 est
1144 1455 1200 1526 bie,
1221 1457 1269 1530 qui
1287 1457 1318 1518 i'n

730 1524 862 1582 omnibus
879 1524 1018 1594 pressuris
1032 1527 1092 1583 suis
1112 1543 1164 1584 nec
1180 1530 1267 1587 semel
1284 1547 1317 1589 os

730 1612 812 1654 suuni
825 1599 946 1668 aperuit,
959 1600 989 1654 nt
1000 1605 1049 1654 aut
1062 1599 1197 1669 querela,
1210 1606 1261 1658 aut
1273 1617 1319 1660 eii-

730 1669 894 1740 cusationts‚
924 1673 973 1725 aut
1000 1671 1240 1732 comminationis.
1269 1678 1320 1732 aul

730 1739 938 1798 maledictionis
953 1741 1070 1799 verbum
1088 1741 1203 1815 aliquod
1220 1745 1319 1804 adver-

730 1829 778 1870 sos
796 1814 961 1871 maledictos
976 1829 1063 1871 canes
1078 1813 1142 1872 illos
1159 1817 1315 1888 proleriel;

730 1885 779 1941 sed
796 1885 949 1942 novissime
963 1887 1081 1942 verbum
1097 1887 1317 1962 benedictionis,

730 1959 812 2026 quale
837 1974 855 2015 a
877 1956 972 2014 seculo
998 1973 1153 2030 numquam
1172 1966 1217 2018 est
1235 1961 1317 2020 andi-

730 2033 802 2109 tum,
832 2045 917 2101 super
943 2027 1074 2086 inimicos
1099 2047 1165 2088 suos
1191 2033 1316 2090 alludit?

730 2099 801 2166 Quid
817 2100 871 2156 hoe
887 2101 947 2155 viro
963 2100 1161 2158 mansuetius?
1173 2103 1245 2172 Qiild
1267 2106 1314 2163 be·

730 2169 856 2242 dignius,
869 2169 966 2228 anima
979 2187 1052 2240 mea,
1065 2171 1181 2230 vidisti?
1192 2196 1206 2228 »
1220 2177 1253 2232 lit
1263 2176 1315 2234 ite·

729 2257 792 2299 rum
805 2261 811 2298 :
823 2265 838 2295 (t
849 2246 881 2300 ln
890 2242 1022 2301 omnibus
1033 2242 1234 2304 biscoueidera
1246 2247 1316 2306 illud

729 2313 925 2371 dulcissimum
942 2323 1055 2387 pectus,
1076 2331 1160 2386 qnam
1181 2319 1317 2392 tranquil·

728 2385 837 2443 litatem
858 2385 983 2444 servavit
1001 2387 1129 2460 pietatisl
1152 2391 1213 2447 Non
1233 2407 1314 2450 suam

729 2457 851 2515 attendit
861 2456 1006 2530 injuriam,
1025 2475 1082 2517 iioii
1097 2475 1210 2532 poeiiam
1225 2479 1316 2538 repu-

729 2534 780 2596 tat,
801 2535 830 2588 el
855 2547 912 2588 non
933 2535 1019 2588 sentit
1039 2533 1241 2606 contumeliis3
1264 2536 1314 2594 sed

728 2599 796 2674 ipsis
822 2601 914 2672 potins
943 2619 961 2660 a
992 2603 1094 2688 qulbus
1121 2605 1237 2676 patitur,
1266 2607 1314 2666 ille

728 2675 945 2757 compatiturpa
958 2678 1063 2748 quibus
1079 2677 1253 2748 vulneratur,
1267 2679 1315 2737 ille

728 2746 876 2816 medetur3
903 2753 990 2803 vitain
1008 2755 1152 2820 procurat,
1179 2750 1316 2822 aquibus

727 2817 876 2874 occiditur.
890 2817 959 2874 Cum
969 2819 1138 2890 qoamentis
1153 2821 1315 2894 dulcedine,

727 2905 790 2945 cum
809 2907 865 2958 uua
886 2890 1003 2962 spiritus
1023 2891 1184 2962 devotione,
1209 2893 1237 2950 in
1258 2911 1316 2966 quo

728 2961 854 3018 caritatis
872 2960 1048 3033 plenitudine
1066 2963 1193 3021 clamat:
1221 2968 1314 3034 Pater,

728 3034 838 3088 dimitte
862 3035 942 3089 ittisl
969 3035 1039 3090 llcce
1066 3051 1145 3107 ego,
1171 3036 1314 3110 Domine,

728 3111 784 3161 tine
799 3103 957 3177 majestatis
971 3104 1116 3178 adorator,
1126 3123 1184 3165 iioii
1197 3109 1236 3166 tui
1251 3125 1314 3167 cor·

728 3176 807 3248 poris
821 3176 1005 3245 interlector;
1024 3181 1082 3234 luae
1108 3179 1207 3236 mortis
1223 3197 1314 3238 iene-

728 3257 818 3315 rator,
831 3264 887 3304 non
900 3253 956 3304 tiiae
966 3247 1109 3305 Passionis
1121 3250 1246 3321 derisor;
1257 3257 1313 3310 tuae

729 3318 931 3377 misericordiae
944 3319 1162 3390 contemplator,
1184 3338 1242 3378 non
1258 3331 1314 3381 tues

728 3390 903 3448 infirmitatis
931 3397 1121 3464 contemptor.
1150 3393 1316 3464 interpellat

730 3479 781 3538 pro
801 3479 845 3520 me
860 3469 909 3520 lua
931 3461 1023 3519 dulcis
1041 3461 1213 3534 humanitas,
1229 3481 1314 3523 coin-

729 3536 844 3592 mendet
861 3551 906 3592 me
927 3535 1003 3592 Patri
1021 3541 1050 3592 tu
1090 3533 1242 3595 inellabilis
1265 3543 1314 3596 tua

728 3609 829 3678 pietas.
845 3609 894 3664 [lic
910 3607 1007 3690 igitur,
1026 3552 1149 3665 offiulcis
1168 3608 1284 3668 Domine
1302 3628 1310 3668 ι

729 3679 822 3746 Pater,
839 3680 953 3752 ignosce
968 3679 1008 3735 illi
1026 3695 1033 3736 :
1051 3699 1066 3732 l>
1081 3681 1142 3738 liae
1153 3681 1311 3740 becelmus.

728 3753 768 3807 Tu
790 3767 857 3808 vere
876 3765 940 3807 eum
964 3751 1004 3807 sic
1033 3767 1116 3808 orare
1134 3756 1242 3825 poteris
1262 3771 1270 3811 ε
1291 3755 1313 3812 0

729 3825 935 3879 clementissine
949 3824 1072 3892 Domine,
1088 3831 1194 3896 quonia
1208 3831 1249 3882 est
1261 3844 1312 3900 pa-

729 3898 827 3951 tientia
854 3896 918 3950 tuot
943 3895 1056 3966 Semper
1086 3897 1218 3953 insidiati
1246 3903 1312 3956 auat

729 3968 791 4034 libi,
807 3970 834 4021 et
847 3969 983 4036 persecuti
996 3971 1060 4023 sual
1078 3973 1103 4023 te
1117 3973 1143 4023 et
1161 3975 1232 4038 tuos,
1244 3987 1311 4043 pro·

728 4039 829 4094 ditiose
842 4043 1003 4110 teeepeiaint
1018 4043 1044 4094 et
1058 4039 1196 4097 malitiose
1209 4049 1234 4097 te
1248 4059 1311 4100 oru-

729 4113 884 4180 uacuum,
899 4113 925 4165 et
934 4111 1104 4183 niodopelis,
1114 4117 1143 4168 ut
1153 4115 1314 4182 innascatur

728 4185 808 4238 illis!
829 4184 941 4238 Domine
962 4185 1036 4244 iesu.
1060 4187 1141 4240 Pater
1157 4188 1312 4242 misericor·

729 4255 850 4324 diorum,
866 4269 912 4310 oro
930 4260 965 4324 le,
982 4259 1013 4312 ul
1029 4257 1101 4312 sicul
1121 4261 1152 4312 tu
1165 4258 1313 4343 pepercisti

730 4329 785 4383 luis
799 4328 1009 4398 crucifixoribus
1025 4332 1051 4384 et
1068 4333 1174 4398 reposti
1194 4343 1246 4401 pro
1261 4329 1311 4392 eis,

727 4401 775 4469 sae
788 4405 820 4458 ut
837 4415 929 4458 amore
954 4399 997 4457 tui
1015 4415 1130 4472 porcam
1145 4413 1194 4470 epo
1208 4399 1314 4458 emitte
