<?xml version="1.0" encoding="UTF-8"?>
<!DOCTYPE html PUBLIC "-//W3C//DTD XHTML 1.0 Transitional//EN"
    "http://www.w3.org/TR/xhtml1/DTD/xhtml1-transitional.dtd">
<html xmlns="http://www.w3.org/1999/xhtml" xml:lang="en" lang="en">
 <head>
  <title>
</title>
<meta http-equiv="Content-Type" content="text/html;charset=utf-8" />
  <meta name='ocr-system' content='tesseract 3.04.00' />
  <meta name='ocr-capabilities' content='ocr_page ocr_carea ocr_par ocr_line ocrx_word'/>
</head>
<body>
  <div class='ocr_page' id='page_1' title='image "./vitajesuchristi03ludogoog/vitajesuchristi03ludogoog_0076.png"; bbox 0 0 3036 5042; ppageno 0'>
   <div class='ocr_carea' id='block_1_1' title="bbox 370 411 1290 478">
    <p class='ocr_par' dir='ltr' id='par_1_1' title="bbox 370 411 1290 478">
     <span class='ocr_line' id='line_1_1' title="bbox 370 411 1290 478; baseline 0.011 -14"><span class='ocrx_word' id='word_1_1' title='bbox 370 411 411 464; x_wconf 78' lang='lat' dir='ltr'><strong>bs</strong></span> <span class='ocrx_word' id='word_1_2' title='bbox 439 411 570 478; x_wconf 77' lang='lat' dir='ltr'><strong>lauria,</strong></span> <span class='ocrx_word' id='word_1_3' title='bbox 598 414 631 466; x_wconf 81' lang='lat' dir='ltr'><strong>itt</strong></span> <span class='ocrx_word' id='word_1_4' title='bbox 659 415 824 470; x_wconf 78' lang='lat' dir='ltr'><strong>PbSb&#39;lUle&#39;</strong></span> <span class='ocrx_word' id='word_1_5' title='bbox 852 417 982 474; x_wconf 75' lang='lat' dir='ltr'><strong>bulliit.</strong></span> <span class='ocrx_word' id='word_1_6' title='bbox 1261 421 1290 474; x_wconf 72' lang='lat' dir='ltr'><strong>ue</strong></span> 
     </span>
    </p>
   </div>
   <div class='ocr_carea' id='block_1_2' title="bbox 73 511 1293 956">
    <p class='ocr_par' dir='ltr' id='par_1_2' title="bbox 73 511 1293 956">
     <span class='ocr_line' id='line_1_2' title="bbox 79 511 1293 598; baseline 0.007 -26"><span class='ocrx_word' id='word_1_7' title='bbox 79 515 198 582; x_wconf 89' lang='lat' dir='ltr'><strong>Pilatum,</strong></span> <span class='ocrx_word' id='word_1_8' title='bbox 212 513 261 573; x_wconf 89' lang='lat' dir='ltr'><strong>ubi</strong></span> <span class='ocrx_word' id='word_1_9' title='bbox 275 529 293 571; x_wconf 90' lang='lat' dir='ltr'><strong>a</strong></span> <span class='ocrx_word' id='word_1_10' title='bbox 305 511 414 598; x_wconf 76' lang='lat' dir='ltr'><strong>tudela</strong></span> <span class='ocrx_word' id='word_1_11' title='bbox 431 529 498 572; x_wconf 89' lang='lat' dir='ltr'><strong>reus</strong></span> <span class='ocrx_word' id='word_1_12' title='bbox 510 515 611 596; x_wconf 84' lang='lat' dir='ltr'><strong>mortis</strong></span> <span class='ocrx_word' id='word_1_13' title='bbox 625 519 654 574; x_wconf 90' lang='lat' dir='ltr'><strong>et</strong></span> <span class='ocrx_word' id='word_1_14' title='bbox 667 516 834 574; x_wconf 71' lang='lat' dir='ltr'><strong>malefactor</strong></span> <span class='ocrx_word' id='word_1_15' title='bbox 845 516 922 575; x_wconf 87' lang='lat' dir='ltr'><strong>luisti</strong></span> <span class='ocrx_word' id='word_1_16' title='bbox 934 517 1088 590; x_wconf 85' lang='lat' dir='ltr'><strong>judicatus,</strong></span> <span class='ocrx_word' id='word_1_17' title='bbox 1102 527 1131 578; x_wconf 91' lang='lat' dir='ltr'><strong>et</strong></span> <span class='ocrx_word' id='word_1_18' title='bbox 1149 519 1179 579; x_wconf 91' lang='lat' dir='ltr'><strong>in</strong></span> <span class='ocrx_word' id='word_1_19' title='bbox 1195 522 1293 582; x_wconf 89' lang='lat' dir='ltr'><strong>multis</strong></span> 
     </span>
     <span class='ocr_line' id='line_1_3' title="bbox 77 585 1289 659; baseline 0.009 -16"><span class='ocrx_word' id='word_1_20' title='bbox 77 588 138 646; x_wconf 88' lang='lat' dir='ltr'><strong>talse</strong></span> <span class='ocrx_word' id='word_1_21' title='bbox 151 591 309 655; x_wconf 67' lang='lat' dir='ltr'><strong>amessiam</strong></span> <span class='ocrx_word' id='word_1_22' title='bbox 322 601 356 643; x_wconf 89' lang='lat' dir='ltr'><strong>ac</strong></span> <span class='ocrx_word' id='word_1_23' title='bbox 370 585 504 644; x_wconf 84' lang='lat' dir='ltr'><strong>deindea</strong></span> <span class='ocrx_word' id='word_1_24' title='bbox 520 586 611 644; x_wconf 79' lang='lat' dir='ltr'><strong>Pilato</strong></span> <span class='ocrx_word' id='word_1_25' title='bbox 625 587 663 646; x_wconf 86' lang='lat' dir='ltr'><strong>ad</strong></span> <span class='ocrx_word' id='word_1_26' title='bbox 679 588 819 646; x_wconf 79' lang='lat' dir='ltr'><strong>lter-odem</strong></span> <span class='ocrx_word' id='word_1_27' title='bbox 835 593 862 646; x_wconf 93' lang='lat' dir='ltr'><strong>te</strong></span> <span class='ocrx_word' id='word_1_28' title='bbox 882 588 966 659; x_wconf 92' lang='lat' dir='ltr'><strong>mitti,</strong></span> <span class='ocrx_word' id='word_1_29' title='bbox 981 594 1009 648; x_wconf 90' lang='lat' dir='ltr'><strong>et</strong></span> <span class='ocrx_word' id='word_1_30' title='bbox 1028 589 1136 650; x_wconf 80' lang='lat' dir='ltr'>ibidem</span> <span class='ocrx_word' id='word_1_31' title='bbox 1159 593 1289 654; x_wconf 69' lang='lat' dir='ltr'><strong>aeeumri</strong></span> 
     </span>
     <span class='ocr_line' id='line_1_4' title="bbox 77 655 1289 740; baseline 0.007 -25"><span class='ocrx_word' id='word_1_32' title='bbox 77 664 102 715; x_wconf 89' lang='lat' dir='ltr'><strong>et</strong></span> <span class='ocrx_word' id='word_1_33' title='bbox 112 659 199 715; x_wconf 83' lang='lat' dir='ltr'><strong>fatuus</strong></span> <span class='ocrx_word' id='word_1_34' title='bbox 212 658 347 731; x_wconf 84' lang='lat' dir='ltr'><strong>reputari,</strong></span> <span class='ocrx_word' id='word_1_35' title='bbox 362 673 396 714; x_wconf 87' lang='lat' dir='ltr'><strong>ao</strong></span> <span class='ocrx_word' id='word_1_36' title='bbox 410 655 518 740; x_wconf 80' lang='lat' dir='ltr'><strong>sperni,</strong></span> <span class='ocrx_word' id='word_1_37' title='bbox 532 664 561 716; x_wconf 88' lang='lat' dir='ltr'><strong>et</strong></span> <span class='ocrx_word' id='word_1_38' title='bbox 576 661 604 716; x_wconf 92' lang='lat' dir='ltr'><strong>in</strong></span> <span class='ocrx_word' id='word_1_39' title='bbox 620 665 697 717; x_wconf 82' lang='lat' dir='ltr'><strong>reste</strong></span> <span class='ocrx_word' id='word_1_40' title='bbox 711 660 778 720; x_wconf 90' lang='lat' dir='ltr'><strong>alba</strong></span> <span class='ocrx_word' id='word_1_41' title='bbox 791 659 873 718; x_wconf 91' lang='lat' dir='ltr'><strong>illudi</strong></span> <span class='ocrx_word' id='word_1_42' title='bbox 887 660 1042 734; x_wconf 76' lang='lat' dir='ltr'>pertulisti,</span> <span class='ocrx_word' id='word_1_43' title='bbox 1057 663 1233 738; x_wconf 72' lang='lat' dir='ltr'>tandemque</span> <span class='ocrx_word' id='word_1_44' title='bbox 1248 669 1289 724; x_wconf 90' lang='lat' dir='ltr'><strong>sie</strong></span> 
     </span>
     <span class='ocr_line' id='line_1_5' title="bbox 75 728 1289 810; baseline 0.008 -24"><span class='ocrx_word' id='word_1_45' title='bbox 75 729 164 787; x_wconf 88' lang='lat' dir='ltr'><strong>illusus</strong></span> <span class='ocrx_word' id='word_1_46' title='bbox 174 733 202 786; x_wconf 92' lang='lat' dir='ltr'><strong>et</strong></span> <span class='ocrx_word' id='word_1_47' title='bbox 213 728 242 786; x_wconf 93' lang='lat' dir='ltr'><strong>in</strong></span> <span class='ocrx_word' id='word_1_48' title='bbox 254 735 333 787; x_wconf 87' lang='lat' dir='ltr'><strong>veste</strong></span> <span class='ocrx_word' id='word_1_49' title='bbox 346 730 412 786; x_wconf 82' lang='lat' dir='ltr'><strong>alba</strong></span> <span class='ocrx_word' id='word_1_50' title='bbox 423 729 548 798; x_wconf 84' lang='lat' dir='ltr'><strong>indutus,</strong></span> <span class='ocrx_word' id='word_1_51' title='bbox 564 731 601 788; x_wconf 89' lang='lat' dir='ltr'><strong>ad</strong></span> <span class='ocrx_word' id='word_1_52' title='bbox 616 729 738 789; x_wconf 80' lang='lat' dir='ltr'><strong>Pilatum</strong></span> <span class='ocrx_word' id='word_1_53' title='bbox 750 749 781 791; x_wconf 91' lang='lat' dir='ltr'><strong>es</strong></span> <span class='ocrx_word' id='word_1_54' title='bbox 793 731 947 802; x_wconf 65' lang='lat' dir='ltr'><strong>remissum</strong></span> <span class='ocrx_word' id='word_1_55' title='bbox 962 734 1007 791; x_wconf 82' lang='lat' dir='ltr'><strong>tao</strong></span> <span class='ocrx_word' id='word_1_56' title='bbox 1021 749 1079 804; x_wconf 88' lang='lat' dir='ltr'><strong>me,</strong></span> <span class='ocrx_word' id='word_1_57' title='bbox 1093 751 1202 807; x_wconf 81' lang='lat' dir='ltr'><strong>qureso,</strong></span> <span class='ocrx_word' id='word_1_58' title='bbox 1215 735 1289 810; x_wconf 89' lang='lat' dir='ltr'><strong>inju-</strong></span> 
     </span>
     <span class='ocr_line' id='line_1_6' title="bbox 74 800 1289 878; baseline 0.008 -21"><span class='ocrx_word' id='word_1_59' title='bbox 74 803 126 858; x_wconf 88' lang='lat' dir='ltr'><strong>rias</strong></span> <span class='ocrx_word' id='word_1_60' title='bbox 138 808 166 859; x_wconf 92' lang='lat' dir='ltr'><strong>et</strong></span> <span class='ocrx_word' id='word_1_61' title='bbox 176 800 299 859; x_wconf 79' lang='lat' dir='ltr'><strong>oondtie</strong></span> <span class='ocrx_word' id='word_1_62' title='bbox 314 800 457 874; x_wconf 89' lang='lat' dir='ltr'><strong>patienter</strong></span> <span class='ocrx_word' id='word_1_63' title='bbox 473 806 503 858; x_wconf 90' lang='lat' dir='ltr'><strong>et</strong></span> <span class='ocrx_word' id='word_1_64' title='bbox 522 803 679 875; x_wconf 74' lang='lat' dir='ltr'><strong>gaudenter</strong></span> <span class='ocrx_word' id='word_1_65' title='bbox 692 818 744 876; x_wconf 94' lang='lat' dir='ltr'><strong>pro</strong></span> <span class='ocrx_word' id='word_1_66' title='bbox 759 804 799 862; x_wconf 93' lang='lat' dir='ltr'><strong>tui</strong></span> <span class='ocrx_word' id='word_1_67' title='bbox 818 802 942 861; x_wconf 86' lang='lat' dir='ltr'><strong>nominis</strong></span> <span class='ocrx_word' id='word_1_68' title='bbox 955 805 1048 878; x_wconf 85' lang='lat' dir='ltr'><strong>gloria</strong></span> <span class='ocrx_word' id='word_1_69' title='bbox 1062 807 1199 877; x_wconf 89' lang='lat' dir='ltr'><strong>tolerare,</strong></span> <span class='ocrx_word' id='word_1_70' title='bbox 1212 812 1242 866; x_wconf 91' lang='lat' dir='ltr'><strong>et</strong></span> <span class='ocrx_word' id='word_1_71' title='bbox 1259 811 1289 868; x_wconf 90' lang='lat' dir='ltr'><strong>iu</strong></span> 
     </span>
     <span class='ocr_line' id='line_1_7' title="bbox 73 872 1290 956; baseline 0.006 -26"><span class='ocrx_word' id='word_1_72' title='bbox 73 877 214 956; x_wconf 84' lang='lat' dir='ltr'><strong>conspeetu</strong></span> <span class='ocrx_word' id='word_1_73' title='bbox 230 877 278 930; x_wconf 94' lang='lat' dir='ltr'><strong>tuo</strong></span> <span class='ocrx_word' id='word_1_74' title='bbox 295 887 360 930; x_wconf 89' lang='lat' dir='ltr'><strong>oum</strong></span> <span class='ocrx_word' id='word_1_75' title='bbox 379 872 483 944; x_wconf 85' lang='lat' dir='ltr'><strong>gaudio</strong></span> <span class='ocrx_word' id='word_1_76' title='bbox 503 889 651 947; x_wconf 83' lang='lat' dir='ltr'><strong>apparere,</strong></span> <span class='ocrx_word' id='word_1_77' title='bbox 663 890 697 932; x_wconf 87' lang='lat' dir='ltr'><strong>ae</strong></span> <span class='ocrx_word' id='word_1_78' title='bbox 715 875 825 934; x_wconf 83' lang='lat' dir='ltr'><strong>vultum</strong></span> <span class='ocrx_word' id='word_1_79' title='bbox 840 879 920 933; x_wconf 90' lang='lat' dir='ltr'><strong>tuum</strong></span> <span class='ocrx_word' id='word_1_80' title='bbox 934 875 1157 936; x_wconf 74' lang='lat' dir='ltr'><strong>desiderabilem</strong></span> <span class='ocrx_word' id='word_1_81' title='bbox 1175 895 1290 953; x_wconf 77' lang='lat' dir='ltr'><strong>semper</strong></span> 
     </span>
    </p>
   </div>
   <div class='ocr_carea' id='block_1_3' title="bbox 74 947 334 1016">
    <p class='ocr_par' dir='ltr' id='par_1_3' title="bbox 74 947 334 1016">
     <span class='ocr_line' id='line_1_8' title="bbox 74 947 334 1016; baseline 0 -16"><span class='ocrx_word' id='word_1_82' title='bbox 74 959 218 1016; x_wconf 75' lang='lat' dir='ltr'><strong>respicere.</strong></span> <span class='ocrx_word' id='word_1_83' title='bbox 233 947 334 1000; x_wconf 80' lang='lat' dir='ltr'><strong>Amen.</strong></span> 
     </span>
    </p>
   </div>
   <div class='ocr_carea' id='block_1_4' title="bbox 547 1261 813 1336">
    <p class='ocr_par' dir='ltr' id='par_1_4' title="bbox 547 1261 813 1336">
     <span class='ocr_line' id='line_1_9' title="bbox 547 1261 813 1336; baseline 0 -2"><span class='ocrx_word' id='word_1_84' title='bbox 547 1261 684 1336; x_wconf 80' lang='lat' dir='ltr'><strong>CAPUT</strong></span> <span class='ocrx_word' id='word_1_85' title='bbox 726 1263 813 1334; x_wconf 80' lang='lat' dir='ltr'><strong>lxtt</strong></span> 
     </span>
    </p>
   </div>
   <div class='ocr_carea' id='block_1_5' title="bbox 401 1485 942 1544">
    <p class='ocr_par' dir='ltr' id='par_1_5' title="bbox 401 1485 942 1544">
     <span class='ocr_line' id='line_1_10' title="bbox 401 1485 942 1544; baseline 0.006 -15"><span class='ocrx_word' id='word_1_86' title='bbox 401 1485 440 1529; x_wconf 77' lang='lat' dir='ltr'><strong>urs</strong></span> <span class='ocrx_word' id='word_1_87' title='bbox 461 1485 584 1544; x_wconf 77' lang='lat' dir='ltr'>TERTIA,</span> <span class='ocrx_word' id='word_1_88' title='bbox 608 1485 639 1530; x_wconf 77' lang='lat' dir='ltr'><strong>iii</strong></span> <span class='ocrx_word' id='word_1_89' title='bbox 659 1485 802 1532; x_wconf 77' lang='lat' dir='ltr'><strong>nnssturtu</strong></span> <span class='ocrx_word' id='word_1_90' title='bbox 825 1485 942 1532; x_wconf 70' lang='lat' dir='ltr'><strong>belriu.</strong></span> 
     </span>
    </p>
   </div>
   <div class='ocr_carea' id='block_1_6' title="bbox 70 1656 666 4448">
    <p class='ocr_par' dir='ltr' id='par_1_6' title="bbox 70 1656 666 4448">
     <span class='ocr_line' id='line_1_11' title="bbox 105 1656 650 1726; baseline -0.002 -13"><span class='ocrx_word' id='word_1_91' title='bbox 105 1678 113 1713; x_wconf 89' lang='lat' dir='ltr'><strong>r</strong></span> <span class='ocrx_word' id='word_1_92' title='bbox 138 1656 267 1726; x_wconf 78' lang='lat' dir='ltr'><strong>Prmrus,</strong></span> <span class='ocrx_word' id='word_1_93' title='bbox 297 1671 387 1712; x_wconf 79' lang='lat' dir='ltr'><strong>scians</strong></span> <span class='ocrx_word' id='word_1_94' title='bbox 416 1656 553 1714; x_wconf 84' lang='lat' dir='ltr'><strong>Gnarsruu</strong></span> <span class='ocrx_word' id='word_1_95' title='bbox 586 1673 650 1712; x_wconf 85' lang='lat' dir='ltr'><strong>asse</strong></span> 
     </span>
     <span class='ocr_line' id='line_1_12' title="bbox 71 1743 651 1798; baseline 0 -14"><span class='ocrx_word' id='word_1_96' title='bbox 71 1744 241 1798; x_wconf 78' lang='lat' dir='ltr'><strong>mnomnrm,</strong></span> <span class='ocrx_word' id='word_1_97' title='bbox 265 1743 351 1784; x_wconf 78' lang='lat' dir='ltr'><strong>orsu</strong></span> <span class='ocrx_word' id='word_1_98' title='bbox 370 1744 483 1792; x_wconf 75' lang='lat' dir='ltr'><strong>remor,</strong></span> <span class='ocrx_word' id='word_1_99' title='bbox 513 1744 549 1784; x_wconf 90' lang='lat' dir='ltr'><strong>ur</strong></span> <span class='ocrx_word' id='word_1_100' title='bbox 571 1745 651 1786; x_wconf 82' lang='lat' dir='ltr'><strong>insoni</strong></span> 
     </span>
     <span class='ocr_line' id='line_1_13' title="bbox 71 1799 651 1872; baseline 0.002 -17"><span class='ocrx_word' id='word_1_101' title='bbox 71 1816 183 1856; x_wconf 78' lang='lat' dir='ltr'><strong>ueram.</strong></span> <span class='ocrx_word' id='word_1_102' title='bbox 217 1829 254 1842; x_wconf 92' lang='lat'>-</span> <span class='ocrx_word' id='word_1_103' title='bbox 289 1801 365 1856; x_wconf 87' lang='lat' dir='ltr'><strong>Hora</strong></span> <span class='ocrx_word' id='word_1_104' title='bbox 395 1801 481 1856; x_wconf 89' lang='lat' dir='ltr'><strong>tertia</strong></span> <span class='ocrx_word' id='word_1_105' title='bbox 513 1799 651 1872; x_wconf 77' lang='lat' dir='ltr'><strong>cogitabis</strong></span> 
     </span>
     <span class='ocr_line' id='line_1_14' title="bbox 71 1869 651 1943; baseline 0.003 -17"><span class='ocrx_word' id='word_1_106' title='bbox 71 1877 177 1928; x_wconf 78' lang='lat' dir='ltr'><strong>mestus</strong></span> <span class='ocrx_word' id='word_1_107' title='bbox 189 1875 218 1928; x_wconf 92' lang='lat' dir='ltr'><strong>et</strong></span> <span class='ocrx_word' id='word_1_108' title='bbox 227 1869 320 1928; x_wconf 91' lang='lat' dir='ltr'><strong>tristis</strong></span> <span class='ocrx_word' id='word_1_109' title='bbox 330 1869 454 1943; x_wconf 86' lang='lat' dir='ltr'><strong>qualiter</strong></span> <span class='ocrx_word' id='word_1_110' title='bbox 465 1871 583 1928; x_wconf 88' lang='lat' dir='ltr'><strong>reducto</strong></span> <span class='ocrx_word' id='word_1_111' title='bbox 596 1873 651 1928; x_wconf 87' lang='lat' dir='ltr'><strong>Do-</strong></span> 
     </span>
     <span class='ocr_line' id='line_1_15' title="bbox 72 1941 653 2011; baseline 0 -13"><span class='ocrx_word' id='word_1_112' title='bbox 72 1941 140 1999; x_wconf 90' lang='lat' dir='ltr'><strong>mino</strong></span> <span class='ocrx_word' id='word_1_113' title='bbox 162 1943 198 1999; x_wconf 89' lang='lat' dir='ltr'><strong>ad</strong></span> <span class='ocrx_word' id='word_1_114' title='bbox 217 1941 407 2011; x_wconf 88' lang='lat' dir='ltr'><strong>Pilatum,itli</strong></span> <span class='ocrx_word' id='word_1_115' title='bbox 422 1959 506 1999; x_wconf 88' lang='lat' dir='ltr'><strong>canes</strong></span> <span class='ocrx_word' id='word_1_116' title='bbox 524 1942 653 2000; x_wconf 73' lang='lat' dir='ltr'><strong>letantes</strong></span> 
     </span>
     <span class='ocr_line' id='line_1_16' title="bbox 70 2011 651 2084; baseline 0.002 -14"><span class='ocrx_word' id='word_1_117' title='bbox 70 2013 102 2070; x_wconf 92' lang='lat' dir='ltr'><strong>de</strong></span> <span class='ocrx_word' id='word_1_118' title='bbox 114 2014 216 2072; x_wconf 79' lang='lat' dir='ltr'><strong>ledere</strong></span> <span class='ocrx_word' id='word_1_119' title='bbox 229 2013 352 2071; x_wconf 88' lang='lat' dir='ltr'><strong>ilerodis</strong></span> <span class='ocrx_word' id='word_1_120' title='bbox 369 2019 398 2070; x_wconf 89' lang='lat' dir='ltr'><strong>ot</strong></span> <span class='ocrx_word' id='word_1_121' title='bbox 413 2011 507 2084; x_wconf 86' lang='lat' dir='ltr'><strong>Pilati,</strong></span> <span class='ocrx_word' id='word_1_122' title='bbox 522 2029 586 2070; x_wconf 90' lang='lat' dir='ltr'><strong>cum</strong></span> <span class='ocrx_word' id='word_1_123' title='bbox 601 2031 651 2072; x_wconf 88' lang='lat' dir='ltr'><strong>au-</strong></span> 
     </span>
     <span class='ocr_line' id='line_1_17' title="bbox 72 2085 652 2158; baseline 0.002 -18"><span class='ocrx_word' id='word_1_124' title='bbox 72 2085 145 2142; x_wconf 86' lang='lat' dir='ltr'><strong>dacia</strong></span> <span class='ocrx_word' id='word_1_125' title='bbox 161 2101 268 2158; x_wconf 84' lang='lat' dir='ltr'><strong>magna</strong></span> <span class='ocrx_word' id='word_1_126' title='bbox 285 2093 497 2157; x_wconf 86' lang='lat' dir='ltr'><strong>prosequuntur</strong></span> <span class='ocrx_word' id='word_1_127' title='bbox 514 2087 652 2143; x_wconf 83' lang='lat' dir='ltr'><strong>accusati·</strong></span> 
     </span>
     <span class='ocr_line' id='line_1_18' title="bbox 71 2155 651 2228; baseline 0.003 -16"><span class='ocrx_word' id='word_1_128' title='bbox 71 2172 133 2212; x_wconf 88' lang='lat' dir='ltr'><strong>ones</strong></span> <span class='ocrx_word' id='word_1_129' title='bbox 154 2173 229 2226; x_wconf 83' lang='lat' dir='ltr'><strong>sues,</strong></span> <span class='ocrx_word' id='word_1_130' title='bbox 272 2155 392 2226; x_wconf 76' lang='lat' dir='ltr'><strong>nemeis,</strong></span> <span class='ocrx_word' id='word_1_131' title='bbox 415 2171 506 2228; x_wconf 88' lang='lat' dir='ltr'><strong>neque</strong></span> <span class='ocrx_word' id='word_1_132' title='bbox 533 2156 651 2223; x_wconf 86' lang='lat' dir='ltr'><strong>Pilatus,</strong></span> 
     </span>
     <span class='ocr_line' id='line_1_19' title="bbox 72 2173 654 2298; baseline 0.003 -14"><span class='ocrx_word' id='word_1_133' title='bbox 72 2243 157 2298; x_wconf 84' lang='lat' dir='ltr'><strong>neque</strong></span> <span class='ocrx_word' id='word_1_134' title='bbox 173 2173 303 2286; x_wconf 75' lang='lat' dir='ltr'><strong>lleroUes</strong></span> <span class='ocrx_word' id='word_1_135' title='bbox 317 2226 473 2296; x_wconf 73' lang='lat' dir='ltr'><strong>diligenter</strong></span> <span class='ocrx_word' id='word_1_136' title='bbox 487 2244 552 2285; x_wconf 92' lang='lat' dir='ltr'><strong>eum</strong></span> <span class='ocrx_word' id='word_1_137' title='bbox 566 2227 654 2286; x_wconf 92' lang='lat' dir='ltr'><strong>inter·</strong></span> 
     </span>
     <span class='ocr_line' id='line_1_20' title="bbox 72 2298 654 2372; baseline 0 -16"><span class='ocrx_word' id='word_1_138' title='bbox 72 2301 190 2372; x_wconf 84' lang='lat' dir='ltr'><strong>rogando</strong></span> <span class='ocrx_word' id='word_1_139' title='bbox 215 2305 246 2358; x_wconf 89' lang='lat' dir='ltr'><strong>et</strong></span> <span class='ocrx_word' id='word_1_140' title='bbox 273 2298 462 2357; x_wconf 82' lang='lat' dir='ltr'><strong>examinando</strong></span> <span class='ocrx_word' id='word_1_141' title='bbox 491 2299 654 2358; x_wconf 83' lang='lat' dir='ltr'><strong>invenirent</strong></span> 
     </span>
     <span class='ocr_line' id='line_1_21' title="bbox 72 2369 653 2444; baseline 0.003 -18"><span class='ocrx_word' id='word_1_142' title='bbox 72 2371 96 2426; x_wconf 92' lang='lat' dir='ltr'><strong>in</strong></span> <span class='ocrx_word' id='word_1_143' title='bbox 108 2387 139 2428; x_wconf 91' lang='lat' dir='ltr'><strong>eo</strong></span> <span class='ocrx_word' id='word_1_144' title='bbox 152 2387 270 2429; x_wconf 88' lang='lat' dir='ltr'><strong>causam</strong></span> <span class='ocrx_word' id='word_1_145' title='bbox 284 2369 392 2428; x_wconf 84' lang='lat' dir='ltr'><strong>mortis.</strong></span> <span class='ocrx_word' id='word_1_146' title='bbox 403 2371 495 2440; x_wconf 87' lang='lat' dir='ltr'><strong>Unde,</strong></span> <span class='ocrx_word' id='word_1_147' title='bbox 509 2372 546 2428; x_wconf 86' lang='lat' dir='ltr'><strong>ad</strong></span> <span class='ocrx_word' id='word_1_148' title='bbox 557 2388 653 2444; x_wconf 82' lang='lat' dir='ltr'><strong>expro-</strong></span> 
     </span>
     <span class='ocr_line' id='line_1_22' title="bbox 71 2441 653 2501; baseline 0 -3"><span class='ocrx_word' id='word_1_149' title='bbox 71 2441 202 2500; x_wconf 86' lang='lat' dir='ltr'><strong>brandam</strong></span> <span class='ocrx_word' id='word_1_150' title='bbox 213 2441 351 2500; x_wconf 86' lang='lat' dir='ltr'><strong>duritiem</strong></span> <span class='ocrx_word' id='word_1_151' title='bbox 363 2443 528 2500; x_wconf 84' lang='lat' dir='ltr'><strong>ludaeorum</strong></span> <span class='ocrx_word' id='word_1_152' title='bbox 539 2448 567 2500; x_wconf 91' lang='lat' dir='ltr'><strong>et</strong></span> <span class='ocrx_word' id='word_1_153' title='bbox 579 2443 653 2501; x_wconf 87' lang='lat' dir='ltr'><strong>Gen·</strong></span> 
     </span>
     <span class='ocr_line' id='line_1_23' title="bbox 72 2513 653 2584; baseline 0.005 -15"><span class='ocrx_word' id='word_1_154' title='bbox 72 2513 164 2584; x_wconf 90' lang='lat' dir='ltr'><strong>tilium,</strong></span> <span class='ocrx_word' id='word_1_155' title='bbox 177 2515 290 2572; x_wconf 88' lang='lat' dir='ltr'><strong>Pilatus</strong></span> <span class='ocrx_word' id='word_1_156' title='bbox 300 2515 405 2571; x_wconf 79' lang='lat' dir='ltr'><strong>latetur</strong></span> <span class='ocrx_word' id='word_1_157' title='bbox 418 2529 469 2571; x_wconf 88' lang='lat' dir='ltr'><strong>neo</strong></span> <span class='ocrx_word' id='word_1_158' title='bbox 481 2530 523 2583; x_wconf 89' lang='lat' dir='ltr'><strong>se,</strong></span> <span class='ocrx_word' id='word_1_159' title='bbox 534 2529 585 2571; x_wconf 91' lang='lat' dir='ltr'><strong>nec</strong></span> <span class='ocrx_word' id='word_1_160' title='bbox 599 2517 653 2572; x_wconf 90' lang='lat' dir='ltr'><strong>lte·</strong></span> 
     </span>
     <span class='ocr_line' id='line_1_24' title="bbox 71 2583 653 2658; baseline 0.002 -17"><span class='ocrx_word' id='word_1_161' title='bbox 71 2585 280 2656; x_wconf 81' lang='lat' dir='ltr'><strong>rodern,neoue</strong></span> <span class='ocrx_word' id='word_1_162' title='bbox 294 2584 324 2640; x_wconf 92' lang='lat' dir='ltr'><strong>iu</strong></span> <span class='ocrx_word' id='word_1_163' title='bbox 337 2583 503 2654; x_wconf 78' lang='lat' dir='ltr'><strong>occidendo,</strong></span> <span class='ocrx_word' id='word_1_164' title='bbox 519 2601 611 2658; x_wconf 79' lang='lat' dir='ltr'><strong>neque</strong></span> <span class='ocrx_word' id='word_1_165' title='bbox 622 2585 653 2642; x_wconf 93' lang='lat' dir='ltr'><strong>in</strong></span> 
     </span>
     <span class='ocr_line' id='line_1_25' title="bbox 70 2654 654 2727; baseline 0.007 -17"><span class='ocrx_word' id='word_1_166' title='bbox 70 2654 219 2727; x_wconf 86' lang='lat' dir='ltr'><strong>illudendo,</strong></span> <span class='ocrx_word' id='word_1_167' title='bbox 231 2657 261 2715; x_wconf 91' lang='lat' dir='ltr'><strong>in</strong></span> <span class='ocrx_word' id='word_1_168' title='bbox 282 2655 395 2713; x_wconf 84' lang='lat' dir='ltr'><strong>Christo</strong></span> <span class='ocrx_word' id='word_1_169' title='bbox 410 2672 526 2714; x_wconf 74' lang='lat' dir='ltr'><strong>oaumm</strong></span> <span class='ocrx_word' id='word_1_170' title='bbox 542 2673 591 2714; x_wconf 87' lang='lat' dir='ltr'><strong>seu</strong></span> <span class='ocrx_word' id='word_1_171' title='bbox 604 2655 654 2714; x_wconf 87' lang='lat' dir='ltr'><strong>ali·</strong></span> 
     </span>
     <span class='ocr_line' id='line_1_26' title="bbox 72 2727 654 2802; baseline 0.002 -18"><span class='ocrx_word' id='word_1_172' title='bbox 72 2727 134 2796; x_wconf 83' lang='lat' dir='ltr'><strong>quid</strong></span> <span class='ocrx_word' id='word_1_173' title='bbox 146 2729 265 2802; x_wconf 91' lang='lat' dir='ltr'><strong>dignum</strong></span> <span class='ocrx_word' id='word_1_174' title='bbox 281 2733 373 2784; x_wconf 88' lang='lat' dir='ltr'><strong>morte</strong></span> <span class='ocrx_word' id='word_1_175' title='bbox 385 2727 525 2785; x_wconf 80' lang='lat' dir='ltr'><strong>invenisse</strong></span> <span class='ocrx_word' id='word_1_176' title='bbox 548 2729 598 2786; x_wconf 86' lang='lat' dir='ltr'><strong>Ubi</strong></span> <span class='ocrx_word' id='word_1_177' title='bbox 613 2727 654 2785; x_wconf 88' lang='lat' dir='ltr'><strong>ait</strong></span> 
     </span>
     <span class='ocr_line' id='line_1_27' title="bbox 70 2799 654 2858; baseline 0.002 -4"><span class='ocrx_word' id='word_1_178' title='bbox 70 2801 138 2856; x_wconf 82' lang='lat' dir='ltr'><strong>Beda</strong></span> <span class='ocrx_word' id='word_1_179' title='bbox 154 2820 191 2856; x_wconf 74' lang='lat' dir='ltr'><strong>r«</strong></span> <span class='ocrx_word' id='word_1_180' title='bbox 205 2803 266 2858; x_wconf 85' lang='lat' dir='ltr'><strong>ltoe</strong></span> <span class='ocrx_word' id='word_1_181' title='bbox 277 2799 399 2856; x_wconf 84' lang='lat' dir='ltr'><strong>dicendo</strong></span> <span class='ocrx_word' id='word_1_182' title='bbox 410 2801 518 2856; x_wconf 86' lang='lat' dir='ltr'><strong>Pilatus</strong></span> <span class='ocrx_word' id='word_1_183' title='bbox 530 2799 654 2857; x_wconf 85' lang='lat' dir='ltr'><strong>absolvit</strong></span> 
     </span>
     <span class='ocr_line' id='line_1_28' title="bbox 71 2869 654 2943; baseline 0.005 -17"><span class='ocrx_word' id='word_1_184' title='bbox 71 2872 177 2940; x_wconf 85' lang='lat' dir='ltr'><strong>quidem</strong></span> <span class='ocrx_word' id='word_1_185' title='bbox 189 2875 304 2938; x_wconf 83' lang='lat' dir='ltr'><strong>lesum,</strong></span> <span class='ocrx_word' id='word_1_186' title='bbox 315 2887 400 2943; x_wconf 90' lang='lat' dir='ltr'><strong>quem</strong></span> <span class='ocrx_word' id='word_1_187' title='bbox 413 2869 544 2943; x_wconf 88' lang='lat' dir='ltr'><strong>probarit</strong></span> <span class='ocrx_word' id='word_1_188' title='bbox 558 2870 654 2928; x_wconf 88' lang='lat' dir='ltr'><strong>inson-</strong></span> 
     </span>
     <span class='ocr_line' id='line_1_29' title="bbox 71 2941 653 3016; baseline 0.005 -19"><span class='ocrx_word' id='word_1_189' title='bbox 71 2947 137 3012; x_wconf 89' lang='lat' dir='ltr'><strong>ten;</strong></span> <span class='ocrx_word' id='word_1_190' title='bbox 153 2944 203 3002; x_wconf 91' lang='lat' dir='ltr'><strong>sed</strong></span> <span class='ocrx_word' id='word_1_191' title='bbox 218 2957 309 3016; x_wconf 83' lang='lat' dir='ltr'><strong>quem</strong></span> <span class='ocrx_word' id='word_1_192' title='bbox 324 2943 446 3000; x_wconf 85' lang='lat' dir='ltr'><strong>absolvit</strong></span> <span class='ocrx_word' id='word_1_193' title='bbox 456 2941 575 3014; x_wconf 85' lang='lat' dir='ltr'><strong>judicio,</strong></span> <span class='ocrx_word' id='word_1_194' title='bbox 589 2959 653 3000; x_wconf 89' lang='lat' dir='ltr'><strong>eru·</strong></span> 
     </span>
     <span class='ocr_line' id='line_1_30' title="bbox 71 3012 651 3083; baseline 0.003 -15"><span class='ocrx_word' id='word_1_195' title='bbox 71 3013 112 3069; x_wconf 86' lang='lat' dir='ltr'><strong>ciii</strong></span> <span class='ocrx_word' id='word_1_196' title='bbox 134 3015 154 3071; x_wconf 91' lang='lat' dir='ltr'><strong>&#39;t</strong></span> <span class='ocrx_word' id='word_1_197' title='bbox 168 3015 343 3072; x_wconf 91' lang='lat' dir='ltr'><strong>ministerio.</strong></span> <span class='ocrx_word' id='word_1_198' title='bbox 358 3012 441 3078; x_wconf 75' lang='lat' dir='ltr'><strong>dudi.</strong></span> <span class='ocrx_word' id='word_1_199' title='bbox 457 3029 532 3071; x_wconf 77' lang='lat' dir='ltr'><strong>oenoe</strong></span> <span class='ocrx_word' id='word_1_200' title='bbox 544 3015 651 3083; x_wconf 81' lang='lat' dir='ltr'><strong>ludeo,</strong></span> 
     </span>
     <span class='ocr_line' id='line_1_31' title="bbox 72 3084 654 3158; baseline 0.005 -18"><span class='ocrx_word' id='word_1_201' title='bbox 72 3099 105 3140; x_wconf 90' lang='lat' dir='ltr'><strong>au</strong></span> <span class='ocrx_word' id='word_1_202' title='bbox 126 3085 145 3156; x_wconf 93' lang='lat' dir='ltr'><strong>i,</strong></span> <span class='ocrx_word' id='word_1_203' title='bbox 165 3087 293 3144; x_wconf 84' lang='lat' dir='ltr'><strong>erudelis</strong></span> <span class='ocrx_word' id='word_1_204' title='bbox 314 3101 434 3158; x_wconf 78' lang='lat' dir='ltr'><strong>pagane.</strong></span> <span class='ocrx_word' id='word_1_205' title='bbox 458 3084 566 3142; x_wconf 86' lang='lat' dir='ltr'><strong>Pilatus</strong></span> <span class='ocrx_word' id='word_1_206' title='bbox 596 3089 654 3158; x_wconf 82' lang='lat' dir='ltr'><strong>ipse</strong></span> 
     </span>
     <span class='ocr_line' id='line_1_32' title="bbox 71 3155 653 3230; baseline 0.003 -20"><span class='ocrx_word' id='word_1_207' title='bbox 71 3155 169 3215; x_wconf 89' lang='lat' dir='ltr'><strong>latetur</strong></span> <span class='ocrx_word' id='word_1_208' title='bbox 183 3174 279 3230; x_wconf 85' lang='lat' dir='ltr'><strong>neque</strong></span> <span class='ocrx_word' id='word_1_209' title='bbox 295 3173 336 3226; x_wconf 91' lang='lat' dir='ltr'><strong>se,</strong></span> <span class='ocrx_word' id='word_1_210' title='bbox 346 3173 440 3228; x_wconf 86' lang='lat' dir='ltr'><strong>neque</strong></span> <span class='ocrx_word' id='word_1_211' title='bbox 452 3157 593 3214; x_wconf 86' lang='lat' dir='ltr'><strong>Herodem</strong></span> <span class='ocrx_word' id='word_1_212' title='bbox 610 3157 653 3213; x_wconf 93' lang='lat' dir='ltr'><strong>di-</strong></span> 
     </span>
     <span class='ocr_line' id='line_1_33' title="bbox 72 3227 653 3302; baseline 0.002 -18"><span class='ocrx_word' id='word_1_213' title='bbox 72 3243 152 3299; x_wconf 87' lang='lat' dir='ltr'><strong>gnum</strong></span> <span class='ocrx_word' id='word_1_214' title='bbox 176 3229 245 3302; x_wconf 85' lang='lat' dir='ltr'><strong>quid</strong></span> <span class='ocrx_word' id='word_1_215' title='bbox 267 3235 360 3286; x_wconf 89' lang='lat' dir='ltr'><strong>morte</strong></span> <span class='ocrx_word' id='word_1_216' title='bbox 383 3227 413 3284; x_wconf 91' lang='lat' dir='ltr'><strong>in</strong></span> <span class='ocrx_word' id='word_1_217' title='bbox 439 3229 551 3286; x_wconf 84' lang='lat' dir='ltr'><strong>cbristo</strong></span> <span class='ocrx_word' id='word_1_218' title='bbox 572 3245 653 3302; x_wconf 90' lang='lat' dir='ltr'><strong>repe-</strong></span> 
     </span>
     <span class='ocr_line' id='line_1_34' title="bbox 73 3299 654 3370; baseline 0.005 -16"><span class='ocrx_word' id='word_1_219' title='bbox 73 3299 153 3370; x_wconf 84' lang='lat' dir='ltr'><strong>risse;</strong></span> <span class='ocrx_word' id='word_1_220' title='bbox 171 3301 221 3358; x_wconf 87' lang='lat' dir='ltr'><strong>sed</strong></span> <span class='ocrx_word' id='word_1_221' title='bbox 239 3300 439 3358; x_wconf 90' lang='lat' dir='ltr'><strong>tantummodo</strong></span> <span class='ocrx_word' id='word_1_222' title='bbox 456 3301 484 3355; x_wconf 93' lang='lat' dir='ltr'><strong>in</strong></span> <span class='ocrx_word' id='word_1_223' title='bbox 499 3300 654 3357; x_wconf 88' lang='lat' dir='ltr'><strong>occidendo</strong></span> 
     </span>
     <span class='ocr_line' id='line_1_35' title="bbox 74 3370 654 3441; baseline 0.005 -16"><span class='ocrx_word' id='word_1_224' title='bbox 74 3373 111 3428; x_wconf 87' lang='lat' dir='ltr'><strong>ret</strong></span> <span class='ocrx_word' id='word_1_225' title='bbox 124 3371 270 3430; x_wconf 83' lang='lat' dir='ltr'><strong>illudendo</strong></span> <span class='ocrx_word' id='word_1_226' title='bbox 283 3371 410 3441; x_wconf 82' lang='lat' dir='ltr'><strong>innoxio,</strong></span> <span class='ocrx_word' id='word_1_227' title='bbox 421 3370 522 3428; x_wconf 76' lang='lat' dir='ltr'><strong>aliena</strong></span> <span class='ocrx_word' id='word_1_228' title='bbox 531 3371 654 3429; x_wconf 90' lang='lat' dir='ltr'><strong>erudeli-</strong></span> 
     </span>
     <span class='ocr_line' id='line_1_36' title="bbox 74 3441 655 3518; baseline 0.003 -20"><span class='ocrx_word' id='word_1_229' title='bbox 74 3443 135 3500; x_wconf 87' lang='lat' dir='ltr'><strong>tatis</strong></span> <span class='ocrx_word' id='word_1_230' title='bbox 143 3445 358 3518; x_wconf 84' lang='lat' dir='ltr'><strong>obtemperasse</strong></span> <span class='ocrx_word' id='word_1_231' title='bbox 368 3441 556 3500; x_wconf 86' lang='lat' dir='ltr'><strong>elamoribus:</strong></span> <span class='ocrx_word' id='word_1_232' title='bbox 568 3464 583 3494; x_wconf 89' lang='lat'>»</span> <span class='ocrx_word' id='word_1_233' title='bbox 594 3445 655 3500; x_wconf 75' lang='lat' dir='ltr'><strong>bae</strong></span> 
     </span>
     <span class='ocr_line' id='line_1_37' title="bbox 73 3513 656 3588; baseline 0.002 -17"><span class='ocrx_word' id='word_1_234' title='bbox 73 3517 151 3572; x_wconf 81' lang='lat' dir='ltr'><strong>Pedo.</strong></span> <span class='ocrx_word' id='word_1_235' title='bbox 161 3517 300 3588; x_wconf 78' lang='lat' dir='ltr'><strong>Magnum</strong></span> <span class='ocrx_word' id='word_1_236' title='bbox 313 3513 474 3571; x_wconf 90' lang='lat' dir='ltr'><strong>dimittendi</strong></span> <span class='ocrx_word' id='word_1_237' title='bbox 488 3517 586 3572; x_wconf 78' lang='lat' dir='ltr'><strong>lesum</strong></span> <span class='ocrx_word' id='word_1_238' title='bbox 599 3521 656 3572; x_wconf 92' lang='lat' dir='ltr'><strong>stu·</strong></span> 
     </span>
     <span class='ocr_line' id='line_1_38' title="bbox 73 3585 655 3659; baseline 0.005 -19"><span class='ocrx_word' id='word_1_239' title='bbox 73 3586 146 3644; x_wconf 92' lang='lat' dir='ltr'><strong>dium</strong></span> <span class='ocrx_word' id='word_1_240' title='bbox 173 3589 296 3659; x_wconf 85' lang='lat' dir='ltr'><strong>gerebat</strong></span> <span class='ocrx_word' id='word_1_241' title='bbox 317 3586 433 3643; x_wconf 86' lang='lat' dir='ltr'><strong>Pilatus.</strong></span> <span class='ocrx_word' id='word_1_242' title='bbox 459 3585 525 3653; x_wconf 90' lang='lat' dir='ltr'><strong>Sed,</strong></span> <span class='ocrx_word' id='word_1_243' title='bbox 549 3591 655 3658; x_wconf 84' lang='lat' dir='ltr'><strong>quanto</strong></span> 
     </span>
     <span class='ocr_line' id='line_1_39' title="bbox 74 3657 656 3730; baseline 0 -16"><span class='ocrx_word' id='word_1_244' title='bbox 74 3659 207 3716; x_wconf 81' lang='lat' dir='ltr'><strong>curiosius</strong></span> <span class='ocrx_word' id='word_1_245' title='bbox 218 3659 366 3716; x_wconf 85' lang='lat' dir='ltr'><strong>dimittere</strong></span> <span class='ocrx_word' id='word_1_246' title='bbox 381 3660 494 3730; x_wconf 80' lang='lat' dir='ltr'><strong>querit,</strong></span> <span class='ocrx_word' id='word_1_247' title='bbox 508 3663 586 3714; x_wconf 90' lang='lat' dir='ltr'><strong>tanto</strong></span> <span class='ocrx_word' id='word_1_248' title='bbox 601 3657 656 3714; x_wconf 92' lang='lat' dir='ltr'><strong>ori·</strong></span> 
     </span>
     <span class='ocr_line' id='line_1_40' title="bbox 72 3727 655 3800; baseline 0 -14"><span class='ocrx_word' id='word_1_249' title='bbox 72 3727 238 3788; x_wconf 87' lang='lat' dir='ltr'><strong>minosiores</strong></span> <span class='ocrx_word' id='word_1_250' title='bbox 259 3729 297 3788; x_wconf 88' lang='lat' dir='ltr'><strong>ad</strong></span> <span class='ocrx_word' id='word_1_251' title='bbox 318 3737 438 3787; x_wconf 87' lang='lat' dir='ltr'><strong>mortem</strong></span> <span class='ocrx_word' id='word_1_252' title='bbox 455 3731 518 3800; x_wconf 76' lang='lat' dir='ltr'><strong>eius</strong></span> <span class='ocrx_word' id='word_1_253' title='bbox 537 3729 655 3787; x_wconf 82' lang='lat' dir='ltr'><strong>invenit.</strong></span> 
     </span>
     <span class='ocr_line' id='line_1_41' title="bbox 73 3799 657 3870; baseline 0.002 -14"><span class='ocrx_word' id='word_1_254' title='bbox 73 3803 177 3858; x_wconf 77' lang='lat' dir='ltr'><strong>Etcum</strong></span> <span class='ocrx_word' id='word_1_255' title='bbox 190 3807 369 3859; x_wconf 78' lang='lat' dir='ltr'><strong>accusaretur</strong></span> <span class='ocrx_word' id='word_1_256' title='bbox 383 3799 531 3870; x_wconf 88' lang='lat' dir='ltr'><strong>Dominus,</strong></span> <span class='ocrx_word' id='word_1_257' title='bbox 543 3801 657 3858; x_wconf 90' lang='lat' dir='ltr'><strong>menda·</strong></span> 
     </span>
     <span class='ocr_line' id='line_1_42' title="bbox 74 3871 659 4000; baseline 0 -72"><span class='ocrx_word' id='word_1_258' title='bbox 74 3871 150 3942; x_wconf 87' lang='lat' dir='ltr'><strong>citer,</strong></span> <span class='ocrx_word' id='word_1_259' title='bbox 165 3873 375 4000; x_wconf 54' lang='lat' dir='ltr'><strong>“WUW</strong></span> <span class='ocrx_word' id='word_1_260' title='bbox 389 3873 561 3930; x_wconf 85' lang='lat' dir='ltr'><strong>secerdotum</strong></span> <span class='ocrx_word' id='word_1_261' title='bbox 575 3877 601 3928; x_wconf 89' lang='lat' dir='ltr'><strong>et</strong></span> <span class='ocrx_word' id='word_1_262' title='bbox 618 3889 659 3929; x_wconf 85' lang='lat' dir='ltr'><strong>se-</strong></span> 
     </span>
     <span class='ocr_line' id='line_1_43' title="bbox 73 3943 666 4016; baseline 0.002 -17"><span class='ocrx_word' id='word_1_263' title='bbox 73 3946 205 4013; x_wconf 65' lang='lat' dir='ltr'><strong>nioretus,</strong></span> <span class='ocrx_word' id='word_1_264' title='bbox 218 3947 251 4000; x_wconf 80' lang='lat' dir='ltr'><strong>m·</strong></span> <span class='ocrx_word' id='word_1_265' title='bbox 277 3948 283 3960; x_wconf 89' lang='lat'>&#39;</span> <span class='ocrx_word' id='word_1_266' title='bbox 341 3944 466 4016; x_wconf 82' lang='lat' dir='ltr'><strong>spondit,</strong></span> <span class='ocrx_word' id='word_1_267' title='bbox 486 3959 537 4000; x_wconf 89' lang='lat' dir='ltr'><strong>nee</strong></span> <span class='ocrx_word' id='word_1_268' title='bbox 557 3943 593 4001; x_wconf 90' lang='lat' dir='ltr'><strong>ad</strong></span> <span class='ocrx_word' id='word_1_269' title='bbox 614 3944 666 4000; x_wconf 82' lang='lat' dir='ltr'><strong>sui·</strong></span> 
     </span>
     <span class='ocr_line' id='line_1_44' title="bbox 75 4015 659 4086; baseline 0.002 -16"><span class='ocrx_word' id='word_1_270' title='bbox 75 4015 295 4086; x_wconf 70' lang='lat' dir='ltr'><strong>exeusationem,</strong></span> <span class='ocrx_word' id='word_1_271' title='bbox 310 4031 363 4072; x_wconf 89' lang='lat' dir='ltr'><strong>neo</strong></span> <span class='ocrx_word' id='word_1_272' title='bbox 377 4015 413 4072; x_wconf 89' lang='lat' dir='ltr'><strong>ad</strong></span> <span class='ocrx_word' id='word_1_273' title='bbox 430 4015 570 4072; x_wconf 91' lang='lat' dir='ltr'><strong>dictorum</strong></span> <span class='ocrx_word' id='word_1_274' title='bbox 585 4015 659 4071; x_wconf 86' lang='lat' dir='ltr'><strong>reln-</strong></span> 
     </span>
     <span class='ocr_line' id='line_1_45' title="bbox 75 4085 659 4158; baseline 0.002 -16"><span class='ocrx_word' id='word_1_275' title='bbox 75 4086 221 4156; x_wconf 86' lang='lat' dir='ltr'><strong>tationem,</strong></span> <span class='ocrx_word' id='word_1_276' title='bbox 236 4101 289 4143; x_wconf 85' lang='lat' dir='ltr'><strong>nee</strong></span> <span class='ocrx_word' id='word_1_277' title='bbox 303 4087 339 4144; x_wconf 86' lang='lat' dir='ltr'><strong>ed</strong></span> <span class='ocrx_word' id='word_1_278' title='bbox 353 4085 507 4144; x_wconf 85' lang='lat' dir='ltr'><strong>dicentium</strong></span> <span class='ocrx_word' id='word_1_279' title='bbox 518 4085 659 4158; x_wconf 89' lang='lat' dir='ltr'><strong>imprope-</strong></span> 
     </span>
     <span class='ocr_line' id='line_1_46' title="bbox 74 4157 659 4231; baseline 0 -17"><span class='ocrx_word' id='word_1_280' title='bbox 74 4158 229 4230; x_wconf 64' lang='lat' dir='ltr'><strong>rationem</strong></span> <span class='ocrx_word' id='word_1_281' title='bbox 246 4158 296 4215; x_wconf 82' lang='lat' dir='ltr'><strong>sed</strong></span> <span class='ocrx_word' id='word_1_282' title='bbox 313 4158 403 4231; x_wconf 81' lang='lat' dir='ltr'><strong>magis</strong></span> <span class='ocrx_word' id='word_1_283' title='bbox 412 4157 608 4216; x_wconf 84' lang='lat' dir='ltr'><strong>accusationes</strong></span> <span class='ocrx_word' id='word_1_284' title='bbox 619 4157 659 4214; x_wconf 85' lang='lat' dir='ltr'><strong>ri·</strong></span> 
     </span>
     <span class='ocr_line' id='line_1_47' title="bbox 76 4229 660 4300; baseline 0.003 -16"><span class='ocrx_word' id='word_1_285' title='bbox 76 4229 162 4289; x_wconf 82' lang='lat' dir='ltr'><strong>riliter</strong></span> <span class='ocrx_word' id='word_1_286' title='bbox 182 4229 330 4300; x_wconf 83' lang='lat' dir='ltr'><strong>sustinuit,</strong></span> <span class='ocrx_word' id='word_1_287' title='bbox 350 4239 379 4288; x_wconf 87' lang='lat' dir='ltr'><strong>et</strong></span> <span class='ocrx_word' id='word_1_288' title='bbox 400 4229 499 4288; x_wconf 83' lang='lat' dir='ltr'><strong>tacuit.</strong></span> <span class='ocrx_word' id='word_1_289' title='bbox 520 4231 564 4298; x_wconf 83' lang='lat' dir='ltr'><strong>lit,</strong></span> <span class='ocrx_word' id='word_1_290' title='bbox 584 4234 660 4298; x_wconf 86' lang='lat' dir='ltr'><strong>tuno,</strong></span> 
     </span>
     <span class='ocr_line' id='line_1_48' title="bbox 75 4301 662 4365; baseline -0.005 -6"><span class='ocrx_word' id='word_1_291' title='bbox 75 4319 134 4360; x_wconf 86' lang='lat' dir='ltr'><strong>eum</strong></span> <span class='ocrx_word' id='word_1_292' title='bbox 148 4301 189 4361; x_wconf 90' lang='lat' dir='ltr'><strong>sie</strong></span> <span class='ocrx_word' id='word_1_293' title='bbox 203 4307 387 4362; x_wconf 83' lang='lat' dir='ltr'><strong>accusaretur</strong></span> <span class='ocrx_word' id='word_1_294' title='bbox 403 4305 438 4362; x_wconf 91' lang='lat' dir='ltr'><strong>ab</strong></span> <span class='ocrx_word' id='word_1_295' title='bbox 453 4301 505 4365; x_wconf 88' lang='lat' dir='ltr'><strong>eis.</strong></span> <span class='ocrx_word' id='word_1_296' title='bbox 521 4303 597 4358; x_wconf 79' lang='lat' dir='ltr'><strong>dicit</strong></span> <span class='ocrx_word' id='word_1_297' title='bbox 616 4303 662 4357; x_wconf 80' lang='lat' dir='ltr'><strong>itti</strong></span> 
     </span>
     <span class='ocr_line' id='line_1_49' title="bbox 76 4374 662 4448; baseline 0.002 -20"><span class='ocrx_word' id='word_1_298' title='bbox 76 4375 179 4432; x_wconf 73' lang='lat' dir='ltr'><strong>Pttetiu</strong></span> <span class='ocrx_word' id='word_1_299' title='bbox 194 4391 203 4432; x_wconf 73' lang='grc' dir='ltr'><strong>ι</strong></span> <span class='ocrx_word' id='word_1_300' title='bbox 219 4377 285 4434; x_wconf 81' lang='lat' dir='ltr'><strong>Nou</strong></span> <span class='ocrx_word' id='word_1_301' title='bbox 297 4375 380 4432; x_wconf 82' lang='lat' dir='ltr'><strong>audie</strong></span> <span class='ocrx_word' id='word_1_302' title='bbox 394 4379 500 4448; x_wconf 81' lang='lat' dir='ltr'><strong>quoutu</strong></span> <span class='ocrx_word' id='word_1_303' title='bbox 516 4374 662 4430; x_wconf 62' lang='lat' dir='ltr'><strong>merosum</strong></span> 
     </span>
    </p>
   </div>
   <div class='ocr_carea' id='block_1_7' title="bbox 136 4460 573 4518">
    <p class='ocr_par' dir='ltr' id='par_1_7' title="bbox 136 4460 573 4518">
     <span class='ocr_line' id='line_1_50' title="bbox 136 4460 573 4518; baseline 0 -4"><span class='ocrx_word' id='word_1_304' title='bbox 136 4463 198 4514; x_wconf 75' lang='lat' dir='ltr'><strong>Vnt</strong></span> <span class='ocrx_word' id='word_1_305' title='bbox 214 4461 281 4512; x_wconf 77' lang='lat' dir='ltr'><strong>lesu</strong></span> <span class='ocrx_word' id='word_1_306' title='bbox 297 4463 405 4518; x_wconf 77' lang='lat' dir='ltr'><strong>cnnrsrn</strong></span> <span class='ocrx_word' id='word_1_307' title='bbox 422 4463 510 4514; x_wconf 80' lang='lat' dir='ltr'><strong>Torius</strong></span> <span class='ocrx_word' id='word_1_308' title='bbox 525 4460 573 4514; x_wconf 85' lang='lat' dir='ltr'><strong>lv.</strong></span> 
     </span>
    </p>
   </div>
   <div class='ocr_carea' id='block_1_8' title="bbox 705 1657 1298 4443">
    <p class='ocr_par' dir='ltr' id='par_1_8' title="bbox 705 1657 1298 4443">
     <span class='ocr_line' id='line_1_51' title="bbox 705 1657 1293 1729; baseline 0.007 -17"><span class='ocrx_word' id='word_1_309' title='bbox 705 1661 731 1712; x_wconf 86' lang='lat' dir='ltr'><strong>te</strong></span> <span class='ocrx_word' id='word_1_310' title='bbox 744 1657 841 1713; x_wconf 83' lang='lat' dir='ltr'><strong>dicunt</strong></span> <span class='ocrx_word' id='word_1_311' title='bbox 853 1659 1029 1714; x_wconf 78' lang='lat' dir='ltr'><strong>testimoniet</strong></span> <span class='ocrx_word' id='word_1_312' title='bbox 1042 1657 1119 1729; x_wconf 91' lang='lat' dir='ltr'><strong>ldeo,</strong></span> <span class='ocrx_word' id='word_1_313' title='bbox 1134 1659 1293 1716; x_wconf 85' lang='lat' dir='ltr'><strong>secuudum</strong></span> 
     </span>
     <span class='ocr_line' id='line_1_52' title="bbox 706 1728 1292 1812; baseline 0.002 -26"><span class='ocrx_word' id='word_1_314' title='bbox 706 1729 939 1800; x_wconf 65' lang='lat' dir='ltr'><strong>Gtrysostomum</strong></span> <span class='ocrx_word' id='word_1_315' title='bbox 952 1729 1006 1786; x_wconf 89' lang='lat' dir='ltr'><strong>boe</strong></span> <span class='ocrx_word' id='word_1_316' title='bbox 1024 1728 1147 1802; x_wconf 88' lang='lat' dir='ltr'><strong>dicebat,</strong></span> <span class='ocrx_word' id='word_1_317' title='bbox 1158 1729 1229 1812; x_wconf 78' lang='lat' dir='ltr'><strong>guia</strong></span> <span class='ocrx_word' id='word_1_318' title='bbox 1242 1745 1292 1787; x_wconf 83' lang='lat' dir='ltr'><strong>ro·</strong></span> 
     </span>
     <span class='ocr_line' id='line_1_53' title="bbox 705 1798 1291 1870; baseline 0.002 -13"><span class='ocrx_word' id='word_1_319' title='bbox 705 1799 782 1857; x_wconf 89' lang='lat' dir='ltr'><strong>lebat</strong></span> <span class='ocrx_word' id='word_1_320' title='bbox 796 1798 917 1858; x_wconf 87' lang='lat' dir='ltr'><strong>liberare</strong></span> <span class='ocrx_word' id='word_1_321' title='bbox 928 1815 1004 1870; x_wconf 89' lang='lat' dir='ltr'><strong>eum,</strong></span> <span class='ocrx_word' id='word_1_322' title='bbox 1015 1801 1082 1858; x_wconf 92' lang='lat' dir='ltr'><strong>dum</strong></span> <span class='ocrx_word' id='word_1_323' title='bbox 1092 1817 1123 1858; x_wconf 90' lang='lat' dir='ltr'><strong>se</strong></span> <span class='ocrx_word' id='word_1_324' title='bbox 1133 1803 1291 1860; x_wconf 82' lang='lat' dir='ltr'><strong>excusando</strong></span> 
     </span>
     <span class='ocr_line' id='line_1_54' title="bbox 706 1870 1296 1943; baseline 0.003 -17"><span class='ocrx_word' id='word_1_325' title='bbox 706 1870 901 1943; x_wconf 88' lang='lat' dir='ltr'><strong>responderet.</strong></span> <span class='ocrx_word' id='word_1_326' title='bbox 921 1871 975 1929; x_wconf 90' lang='lat' dir='ltr'><strong>Sed</strong></span> <span class='ocrx_word' id='word_1_327' title='bbox 989 1877 1015 1928; x_wconf 89' lang='lat' dir='ltr'><strong>et</strong></span> <span class='ocrx_word' id='word_1_328' title='bbox 1029 1873 1165 1930; x_wconf 84' lang='lat' dir='ltr'><strong>Dominus</strong></span> <span class='ocrx_word' id='word_1_329' title='bbox 1183 1889 1237 1930; x_wconf 85' lang='lat' dir='ltr'><strong>non</strong></span> <span class='ocrx_word' id='word_1_330' title='bbox 1253 1889 1296 1928; x_wconf 88' lang='lat' dir='ltr'><strong>re·</strong></span> 
     </span>
     <span class='ocr_line' id='line_1_55' title="bbox 705 1943 1293 2015; baseline 0.005 -17"><span class='ocrx_word' id='word_1_331' title='bbox 705 1943 818 2014; x_wconf 81' lang='lat' dir='ltr'><strong>spondit</strong></span> <span class='ocrx_word' id='word_1_332' title='bbox 841 1946 867 1999; x_wconf 82' lang='lat' dir='ltr'><strong>et</strong></span> <span class='ocrx_word' id='word_1_333' title='bbox 888 1943 927 2000; x_wconf 89' lang='lat' dir='ltr'><strong>od</strong></span> <span class='ocrx_word' id='word_1_334' title='bbox 949 1944 1037 2000; x_wconf 86' lang='lat' dir='ltr'><strong>ullum</strong></span> <span class='ocrx_word' id='word_1_335' title='bbox 1061 1945 1184 2015; x_wconf 87' lang='lat' dir='ltr'><strong>uerbum,</strong></span> <span class='ocrx_word' id='word_1_336' title='bbox 1199 1948 1241 2002; x_wconf 84' lang='lat' dir='ltr'><strong>ite</strong></span> <span class='ocrx_word' id='word_1_337' title='bbox 1262 1950 1293 2001; x_wconf 92' lang='lat' dir='ltr'><strong>ut</strong></span> 
     </span>
     <span class='ocr_line' id='line_1_56' title="bbox 706 2015 1294 2088; baseline 0.005 -18"><span class='ocrx_word' id='word_1_338' title='bbox 706 2017 856 2070; x_wconf 77' lang='lat' dir='ltr'><strong>notroretur</strong></span> <span class='ocrx_word' id='word_1_339' title='bbox 870 2016 973 2071; x_wconf 81' lang='lat' dir='ltr'><strong>Praeses</strong></span> <span class='ocrx_word' id='word_1_340' title='bbox 987 2016 1166 2084; x_wconf 77' lang='lat' dir='ltr'><strong>retenentur,</strong></span> <span class='ocrx_word' id='word_1_341' title='bbox 1181 2015 1217 2072; x_wconf 94' lang='lat' dir='ltr'><strong>de</strong></span> <span class='ocrx_word' id='word_1_342' title='bbox 1231 2015 1294 2088; x_wconf 86' lang='lat' dir='ltr'><strong>ejus</strong></span> 
     </span>
     <span class='ocr_line' id='line_1_57' title="bbox 706 2085 1292 2168; baseline 0.005 -26"><span class='ocrx_word' id='word_1_343' title='bbox 706 2085 835 2168; x_wconf 89' lang='lat' dir='ltr'><strong>patentia</strong></span> <span class='ocrx_word' id='word_1_344' title='bbox 843 2089 872 2144; x_wconf 91' lang='lat' dir='ltr'><strong>et</strong></span> <span class='ocrx_word' id='word_1_345' title='bbox 882 2086 1136 2157; x_wconf 85' lang='lat' dir='ltr'><strong>constantia.quod</strong></span> <span class='ocrx_word' id='word_1_346' title='bbox 1146 2085 1194 2144; x_wconf 90' lang='lat' dir='ltr'><strong>illa</strong></span> <span class='ocrx_word' id='word_1_347' title='bbox 1207 2101 1292 2157; x_wconf 87' lang='lat' dir='ltr'><strong>quem</strong></span> 
     </span>
     <span class='ocr_line' id='line_1_58' title="bbox 707 2155 1293 2230; baseline 0.003 -18"><span class='ocrx_word' id='word_1_348' title='bbox 707 2173 737 2213; x_wconf 86' lang='lat' dir='ltr'><strong>in</strong></span> <span class='ocrx_word' id='word_1_349' title='bbox 750 2158 823 2228; x_wconf 90' lang='lat' dir='ltr'><strong>Lege</strong></span> <span class='ocrx_word' id='word_1_350' title='bbox 838 2155 960 2230; x_wconf 87' lang='lat' dir='ltr'><strong>peritum</strong></span> <span class='ocrx_word' id='word_1_351' title='bbox 973 2163 1002 2214; x_wconf 91' lang='lat' dir='ltr'><strong>et</strong></span> <span class='ocrx_word' id='word_1_352' title='bbox 1016 2156 1053 2214; x_wconf 90' lang='lat' dir='ltr'><strong>ad</strong></span> <span class='ocrx_word' id='word_1_353' title='bbox 1068 2155 1164 2214; x_wconf 90' lang='lat' dir='ltr'><strong>omnia</strong></span> <span class='ocrx_word' id='word_1_354' title='bbox 1177 2173 1293 2230; x_wconf 86' lang='lat' dir='ltr'><strong>respon·</strong></span> 
     </span>
     <span class='ocr_line' id='line_1_59' title="bbox 707 2227 1293 2300; baseline 0.002 -15"><span class='ocrx_word' id='word_1_355' title='bbox 707 2228 776 2285; x_wconf 86' lang='lat' dir='ltr'><strong>dere</strong></span> <span class='ocrx_word' id='word_1_356' title='bbox 800 2233 946 2300; x_wconf 89' lang='lat' dir='ltr'><strong>potentem</strong></span> <span class='ocrx_word' id='word_1_357' title='bbox 974 2228 1119 2298; x_wconf 89' lang='lat' dir='ltr'><strong>audierat,</strong></span> <span class='ocrx_word' id='word_1_358' title='bbox 1145 2227 1216 2285; x_wconf 90' lang='lat' dir='ltr'><strong>nibil</strong></span> <span class='ocrx_word' id='word_1_359' title='bbox 1242 2244 1293 2286; x_wconf 90' lang='lat' dir='ltr'><strong>re-</strong></span> 
     </span>
     <span class='ocr_line' id='line_1_60' title="bbox 707 2297 1294 2372; baseline 0 -16"><span class='ocrx_word' id='word_1_360' title='bbox 707 2297 870 2372; x_wconf 84' lang='lat' dir='ltr'><strong>sponderet.</strong></span> <span class='ocrx_word' id='word_1_361' title='bbox 887 2303 915 2356; x_wconf 91' lang='lat' dir='ltr'><strong>et</strong></span> <span class='ocrx_word' id='word_1_362' title='bbox 935 2300 1009 2372; x_wconf 85' lang='lat' dir='ltr'><strong>quod</strong></span> <span class='ocrx_word' id='word_1_363' title='bbox 1029 2299 1169 2358; x_wconf 82' lang='lat' dir='ltr'><strong>exhibitus</strong></span> <span class='ocrx_word' id='word_1_364' title='bbox 1188 2299 1225 2358; x_wconf 91' lang='lat' dir='ltr'><strong>ad</strong></span> <span class='ocrx_word' id='word_1_365' title='bbox 1239 2299 1294 2357; x_wconf 88' lang='lat' dir='ltr'><strong>ori-</strong></span> 
     </span>
     <span class='ocr_line' id='line_1_61' title="bbox 708 2369 1294 2444; baseline 0.002 -17"><span class='ocrx_word' id='word_1_366' title='bbox 708 2370 813 2428; x_wconf 88' lang='lat' dir='ltr'><strong>minale</strong></span> <span class='ocrx_word' id='word_1_367' title='bbox 822 2369 973 2444; x_wconf 80' lang='lat' dir='ltr'><strong>judiciuin,</strong></span> <span class='ocrx_word' id='word_1_368' title='bbox 987 2378 1016 2427; x_wconf 89' lang='lat' dir='ltr'><strong>et</strong></span> <span class='ocrx_word' id='word_1_369' title='bbox 1029 2377 1110 2428; x_wconf 87' lang='lat' dir='ltr'><strong>stans</strong></span> <span class='ocrx_word' id='word_1_370' title='bbox 1128 2376 1194 2428; x_wconf 91' lang='lat' dir='ltr'><strong>ante</strong></span> <span class='ocrx_word' id='word_1_371' title='bbox 1217 2387 1294 2429; x_wconf 91' lang='lat' dir='ltr'><strong>mor·</strong></span> 
     </span>
     <span class='ocr_line' id='line_1_62' title="bbox 707 2441 1294 2515; baseline 0.003 -17"><span class='ocrx_word' id='word_1_372' title='bbox 707 2447 775 2510; x_wconf 90' lang='lat' dir='ltr'><strong>tem,</strong></span> <span class='ocrx_word' id='word_1_373' title='bbox 795 2458 858 2515; x_wconf 84' lang='lat' dir='ltr'><strong>quae</strong></span> <span class='ocrx_word' id='word_1_374' title='bbox 871 2442 947 2514; x_wconf 91' lang='lat' dir='ltr'><strong>apud</strong></span> <span class='ocrx_word' id='word_1_375' title='bbox 960 2458 1060 2499; x_wconf 90' lang='lat' dir='ltr'><strong>omnes</strong></span> <span class='ocrx_word' id='word_1_376' title='bbox 1073 2441 1204 2500; x_wconf 88' lang='lat' dir='ltr'><strong>homines</strong></span> <span class='ocrx_word' id='word_1_377' title='bbox 1216 2443 1294 2501; x_wconf 77' lang='lat' dir='ltr'><strong>resti·</strong></span> 
     </span>
     <span class='ocr_line' id='line_1_63' title="bbox 708 2511 1295 2587; baseline 0.003 -17"><span class='ocrx_word' id='word_1_378' title='bbox 708 2519 803 2571; x_wconf 86' lang='lat' dir='ltr'><strong>matur</strong></span> <span class='ocrx_word' id='word_1_379' title='bbox 816 2511 963 2580; x_wconf 81' lang='lat' dir='ltr'><strong>terribilis,</strong></span> <span class='ocrx_word' id='word_1_380' title='bbox 979 2514 1040 2587; x_wconf 90' lang='lat' dir='ltr'><strong>ipse</strong></span> <span class='ocrx_word' id='word_1_381' title='bbox 1053 2514 1295 2586; x_wconf 90' lang='lat' dir='ltr'><strong>imperturbabilis</strong></span> 
     </span>
     <span class='ocr_line' id='line_1_64' title="bbox 707 2585 1296 2644; baseline 0.007 -3"><span class='ocrx_word' id='word_1_382' title='bbox 707 2592 880 2643; x_wconf 87' lang='lat' dir='ltr'><strong>remaneret.</strong></span> <span class='ocrx_word' id='word_1_383' title='bbox 898 2588 929 2642; x_wconf 92' lang='lat' dir='ltr'><strong>lu</strong></span> <span class='ocrx_word' id='word_1_384' title='bbox 941 2585 995 2642; x_wconf 88' lang='lat' dir='ltr'><strong>hoe</strong></span> <span class='ocrx_word' id='word_1_385' title='bbox 1008 2591 1104 2644; x_wconf 90' lang='lat' dir='ltr'><strong>autem</strong></span> <span class='ocrx_word' id='word_1_386' title='bbox 1119 2587 1202 2643; x_wconf 88' lang='lat' dir='ltr'><strong>docet</strong></span> <span class='ocrx_word' id='word_1_387' title='bbox 1214 2603 1296 2644; x_wconf 87' lang='lat' dir='ltr'><strong>areu·</strong></span> 
     </span>
     <span class='ocr_line' id='line_1_65' title="bbox 708 2655 1295 2730; baseline 0.003 -16"><span class='ocrx_word' id='word_1_388' title='bbox 708 2657 801 2714; x_wconf 90' lang='lat' dir='ltr'><strong>tiones</strong></span> <span class='ocrx_word' id='word_1_389' title='bbox 815 2662 844 2715; x_wconf 90' lang='lat' dir='ltr'><strong>et</strong></span> <span class='ocrx_word' id='word_1_390' title='bbox 859 2655 1222 2730; x_wconf 86' lang='lat' dir='ltr'><strong>criminationespatienter</strong></span> <span class='ocrx_word' id='word_1_391' title='bbox 1233 2674 1295 2716; x_wconf 65' lang='lat' dir='ltr'><strong>erse</strong></span> 
     </span>
     <span class='ocr_line' id='line_1_66' title="bbox 708 2727 1295 2800; baseline 0.002 -15"><span class='ocrx_word' id='word_1_392' title='bbox 708 2729 899 2798; x_wconf 89' lang='lat' dir='ltr'><strong>sustinendas,</strong></span> <span class='ocrx_word' id='word_1_393' title='bbox 914 2729 967 2786; x_wconf 87' lang='lat' dir='ltr'><strong>hoo</strong></span> <span class='ocrx_word' id='word_1_394' title='bbox 980 2727 1056 2785; x_wconf 90' lang='lat' dir='ltr'><strong>enim</strong></span> <span class='ocrx_word' id='word_1_395' title='bbox 1074 2729 1165 2800; x_wconf 89' lang='lat' dir='ltr'><strong>magis</strong></span> <span class='ocrx_word' id='word_1_396' title='bbox 1180 2729 1295 2786; x_wconf 90' lang='lat' dir='ltr'><strong>mirabi-</strong></span> 
     </span>
     <span class='ocr_line' id='line_1_67' title="bbox 708 2799 1293 2870; baseline 0.003 -14"><span class='ocrx_word' id='word_1_397' title='bbox 708 2801 765 2857; x_wconf 88' lang='lat' dir='ltr'><strong>lem</strong></span> <span class='ocrx_word' id='word_1_398' title='bbox 797 2799 865 2857; x_wconf 87' lang='lat' dir='ltr'><strong>tacit</strong></span> <span class='ocrx_word' id='word_1_399' title='bbox 902 2799 1070 2857; x_wconf 87' lang='lat' dir='ltr'><strong>Sanctorum</strong></span> <span class='ocrx_word' id='word_1_400' title='bbox 1104 2799 1293 2870; x_wconf 86' lang='lat' dir='ltr'><strong>patientiam,</strong></span> 
     </span>
     <span class='ocr_line' id='line_1_68' title="bbox 708 2870 1293 2944; baseline 0 -16"><span class='ocrx_word' id='word_1_401' title='bbox 708 2887 794 2944; x_wconf 88' lang='lat' dir='ltr'><strong>quam</strong></span> <span class='ocrx_word' id='word_1_402' title='bbox 809 2870 947 2929; x_wconf 84' lang='lat' dir='ltr'><strong>detersio.</strong></span> <span class='ocrx_word' id='word_1_403' title='bbox 964 2871 1043 2928; x_wconf 89' lang='lat' dir='ltr'><strong>Unde</strong></span> <span class='ocrx_word' id='word_1_404' title='bbox 1056 2871 1096 2928; x_wconf 84' lang='lat' dir='ltr'><strong>eit</strong></span> <span class='ocrx_word' id='word_1_405' title='bbox 1109 2873 1271 2929; x_wconf 76' lang='lat' dir='ltr'><strong>Ambrosius</strong></span> <span class='ocrx_word' id='word_1_406' title='bbox 1284 2893 1293 2928; x_wconf 91' lang='lat'>:</span> 
     </span>
     <span class='ocr_line' id='line_1_69' title="bbox 710 2941 1295 3015; baseline 0.009 -19"><span class='ocrx_word' id='word_1_407' title='bbox 710 2945 892 3000; x_wconf 67' lang='lat' dir='ltr'><strong>«decusatur</strong></span> <span class='ocrx_word' id='word_1_408' title='bbox 912 2941 1050 3000; x_wconf 87' lang='lat' dir='ltr'><strong>Dominus</strong></span> <span class='ocrx_word' id='word_1_409' title='bbox 1071 2947 1100 2999; x_wconf 93' lang='lat' dir='ltr'><strong>et</strong></span> <span class='ocrx_word' id='word_1_410' title='bbox 1120 2947 1204 3006; x_wconf 84' lang='lat' dir='ltr'><strong>tacet.</strong></span> <span class='ocrx_word' id='word_1_411' title='bbox 1227 2943 1295 3015; x_wconf 87' lang='lat' dir='ltr'><strong>quia</strong></span> 
     </span>
     <span class='ocr_line' id='line_1_70' title="bbox 709 3013 1292 3085; baseline 0.003 -15"><span class='ocrx_word' id='word_1_412' title='bbox 709 3013 875 3071; x_wconf 78' lang='lat' dir='ltr'><strong>defensione</strong></span> <span class='ocrx_word' id='word_1_413' title='bbox 890 3029 948 3069; x_wconf 93' lang='lat' dir='ltr'><strong>non</strong></span> <span class='ocrx_word' id='word_1_414' title='bbox 971 3013 1093 3085; x_wconf 59' lang='lat' dir='ltr'><strong>indigem</strong></span> <span class='ocrx_word' id='word_1_415' title='bbox 1107 3030 1160 3071; x_wconf 88' lang='lat' dir='ltr'><strong>nee</strong></span> <span class='ocrx_word' id='word_1_416' title='bbox 1176 3031 1292 3072; x_wconf 88' lang='lat' dir='ltr'><strong>aecusa-</strong></span> 
     </span>
     <span class='ocr_line' id='line_1_71' title="bbox 708 3085 1294 3154; baseline 0.002 -13"><span class='ocrx_word' id='word_1_417' title='bbox 708 3085 816 3143; x_wconf 90' lang='lat' dir='ltr'><strong>tionem</strong></span> <span class='ocrx_word' id='word_1_418' title='bbox 829 3085 949 3141; x_wconf 86' lang='lat' dir='ltr'><strong>tacendo</strong></span> <span class='ocrx_word' id='word_1_419' title='bbox 962 3085 1125 3154; x_wconf 87' lang='lat' dir='ltr'><strong>confirmat,</strong></span> <span class='ocrx_word' id='word_1_420' title='bbox 1136 3087 1185 3142; x_wconf 89' lang='lat' dir='ltr'><strong>sed</strong></span> <span class='ocrx_word' id='word_1_421' title='bbox 1199 3086 1294 3154; x_wconf 91' lang='lat' dir='ltr'><strong>despi-</strong></span> 
     </span>
     <span class='ocr_line' id='line_1_72' title="bbox 709 3155 1294 3223; baseline 0 -9"><span class='ocrx_word' id='word_1_422' title='bbox 709 3157 748 3214; x_wconf 91' lang='lat' dir='ltr'><strong>oit</strong></span> <span class='ocrx_word' id='word_1_423' title='bbox 762 3173 819 3214; x_wconf 91' lang='lat' dir='ltr'><strong>non</strong></span> <span class='ocrx_word' id='word_1_424' title='bbox 835 3155 1001 3213; x_wconf 77' lang='lat' dir='ltr'><strong>refellendo.</strong></span> <span class='ocrx_word' id='word_1_425' title='bbox 1016 3157 1154 3212; x_wconf 79' lang='lat' dir='ltr'><strong>Ambiunt</strong></span> <span class='ocrx_word' id='word_1_426' title='bbox 1167 3157 1294 3223; x_wconf 84' lang='lat' dir='ltr'><strong>delendi,</strong></span> 
     </span>
     <span class='ocr_line' id='line_1_73' title="bbox 710 3225 1296 3301; baseline 0.002 -16"><span class='ocrx_word' id='word_1_427' title='bbox 710 3227 758 3301; x_wconf 89' lang='lat' dir='ltr'><strong>qui</strong></span> <span class='ocrx_word' id='word_1_428' title='bbox 781 3227 883 3284; x_wconf 90' lang='lat' dir='ltr'><strong>timent</strong></span> <span class='ocrx_word' id='word_1_429' title='bbox 910 3225 994 3282; x_wconf 86' lang='lat' dir='ltr'><strong>vinci.</strong></span> <span class='ocrx_word' id='word_1_430' title='bbox 1018 3227 1117 3283; x_wconf 83' lang='lat' dir='ltr'><strong>Melior</strong></span> <span class='ocrx_word' id='word_1_431' title='bbox 1138 3233 1182 3284; x_wconf 91' lang='lat' dir='ltr'><strong>est</strong></span> <span class='ocrx_word' id='word_1_432' title='bbox 1208 3243 1296 3286; x_wconf 83' lang='lat' dir='ltr'><strong>eausa</strong></span> 
     </span>
     <span class='ocr_line' id='line_1_74' title="bbox 710 3296 1294 3373; baseline -0.002 -16"><span class='ocrx_word' id='word_1_433' title='bbox 710 3316 773 3373; x_wconf 84' lang='lat' dir='ltr'><strong>quae</strong></span> <span class='ocrx_word' id='word_1_434' title='bbox 788 3314 846 3356; x_wconf 91' lang='lat' dir='ltr'><strong>non</strong></span> <span class='ocrx_word' id='word_1_435' title='bbox 860 3296 1023 3354; x_wconf 86' lang='lat' dir='ltr'><strong>detenditur</strong></span> <span class='ocrx_word' id='word_1_436' title='bbox 1034 3303 1064 3354; x_wconf 96' lang='lat' dir='ltr'><strong>et</strong></span> <span class='ocrx_word' id='word_1_437' title='bbox 1076 3299 1222 3370; x_wconf 89' lang='lat' dir='ltr'><strong>probatur.</strong></span> <span class='ocrx_word' id='word_1_438' title='bbox 1242 3301 1294 3358; x_wconf 89' lang='lat' dir='ltr'><strong>Su·</strong></span> 
     </span>
     <span class='ocr_line' id='line_1_75' title="bbox 710 3367 1296 3434; baseline 0 -6"><span class='ocrx_word' id='word_1_439' title='bbox 710 3387 803 3428; x_wconf 87' lang='lat' dir='ltr'><strong>zanoa</strong></span> <span class='ocrx_word' id='word_1_440' title='bbox 817 3367 914 3434; x_wconf 82' lang='lat' dir='ltr'><strong>tacuit,</strong></span> <span class='ocrx_word' id='word_1_441' title='bbox 925 3375 954 3426; x_wconf 92' lang='lat' dir='ltr'><strong>et</strong></span> <span class='ocrx_word' id='word_1_442' title='bbox 965 3368 1031 3426; x_wconf 89' lang='lat' dir='ltr'><strong>vicit</strong></span> <span class='ocrx_word' id='word_1_443' title='bbox 1047 3384 1055 3425; x_wconf 73' lang='grc' dir='ltr'><strong>ι</strong></span> <span class='ocrx_word' id='word_1_444' title='bbox 1073 3389 1087 3422; x_wconf 85' lang='lat' dir='ltr'><strong>n</strong></span> <span class='ocrx_word' id='word_1_445' title='bbox 1102 3369 1163 3427; x_wconf 82' lang='lat' dir='ltr'><strong>baee</strong></span> <span class='ocrx_word' id='word_1_446' title='bbox 1177 3371 1296 3428; x_wconf 74' lang='lat' dir='ltr'><strong>Ambo-</strong></span> 
     </span>
     <span class='ocr_line' id='line_1_76' title="bbox 709 3440 1295 3512; baseline 0.002 -12"><span class='ocrx_word' id='word_1_447' title='bbox 709 3447 778 3501; x_wconf 79' lang='lat' dir='ltr'><strong>sius.</strong></span> <span class='ocrx_word' id='word_1_448' title='bbox 794 3441 882 3499; x_wconf 84' lang='lat' dir='ltr'><strong>ludex</strong></span> <span class='ocrx_word' id='word_1_449' title='bbox 896 3457 965 3512; x_wconf 90' lang='lat' dir='ltr'><strong>ergo</strong></span> <span class='ocrx_word' id='word_1_450' title='bbox 978 3440 1105 3498; x_wconf 87' lang='lat' dir='ltr'><strong>omniurn</strong></span> <span class='ocrx_word' id='word_1_451' title='bbox 1119 3447 1185 3499; x_wconf 85' lang='lat' dir='ltr'><strong>ente</strong></span> <span class='ocrx_word' id='word_1_452' title='bbox 1204 3441 1295 3501; x_wconf 90' lang='lat' dir='ltr'><strong>tribu·</strong></span> 
     </span>
     <span class='ocr_line' id='line_1_77' title="bbox 711 3511 1296 3595; baseline 0 -23"><span class='ocrx_word' id='word_1_453' title='bbox 711 3517 757 3572; x_wconf 90' lang='lat' dir='ltr'><strong>nat</strong></span> <span class='ocrx_word' id='word_1_454' title='bbox 765 3513 869 3587; x_wconf 84' lang='lat' dir='ltr'><strong>judicis</strong></span> <span class='ocrx_word' id='word_1_455' title='bbox 882 3511 946 3595; x_wconf 77' lang='lat' dir='ltr'><strong>vitis</strong></span> <span class='ocrx_word' id='word_1_456' title='bbox 957 3517 986 3570; x_wconf 93' lang='lat' dir='ltr'><strong>et</strong></span> <span class='ocrx_word' id='word_1_457' title='bbox 996 3512 1118 3585; x_wconf 89' lang='lat' dir='ltr'><strong>indigni,</strong></span> <span class='ocrx_word' id='word_1_458' title='bbox 1131 3523 1296 3572; x_wconf 90' lang='lat' dir='ltr'><strong>mansuetus</strong></span> 
     </span>
     <span class='ocr_line' id='line_1_78' title="bbox 711 3585 1296 3668; baseline -0.002 -24"><span class='ocrx_word' id='word_1_459' title='bbox 711 3593 740 3645; x_wconf 93' lang='lat' dir='ltr'><strong>et</strong></span> <span class='ocrx_word' id='word_1_460' title='bbox 753 3585 853 3668; x_wconf 83' lang='lat' dir='ltr'><strong>tacitus</strong></span> <span class='ocrx_word' id='word_1_461' title='bbox 868 3590 957 3651; x_wconf 85' lang='lat' dir='ltr'><strong>stetit,</strong></span> <span class='ocrx_word' id='word_1_462' title='bbox 968 3591 997 3641; x_wconf 90' lang='lat' dir='ltr'><strong>et</strong></span> <span class='ocrx_word' id='word_1_463' title='bbox 1007 3595 1154 3642; x_wconf 87' lang='lat' dir='ltr'><strong>accusatus</strong></span> <span class='ocrx_word' id='word_1_464' title='bbox 1165 3585 1235 3668; x_wconf 74' lang='lat' dir='ltr'><strong>nibil</strong></span> <span class='ocrx_word' id='word_1_465' title='bbox 1251 3603 1296 3644; x_wconf 91' lang='lat' dir='ltr'><strong>re-</strong></span> 
     </span>
     <span class='ocr_line' id='line_1_79' title="bbox 712 3658 1296 3812; baseline 0 -26"><span class='ocrx_word' id='word_1_466' title='bbox 712 3658 1296 3812; x_wconf 65' lang='lat' dir='ltr'><strong>{tilltliltt.t⁰t.t.ttttttittet</strong></span> 
     </span>
     <span class='ocr_line' id='line_1_80' title="bbox 713 3798 1295 3872; baseline 0.002 -15"><span class='ocrx_word' id='word_1_467' title='bbox 713 3805 802 3857; x_wconf 86' lang='lat' dir='ltr'><strong>tacuit</strong></span> <span class='ocrx_word' id='word_1_468' title='bbox 828 3814 904 3855; x_wconf 84' lang='lat' dir='ltr'><strong>eninr</strong></span> <span class='ocrx_word' id='word_1_469' title='bbox 930 3798 1061 3855; x_wconf 85' lang='lat' dir='ltr'><strong>Christus</strong></span> <span class='ocrx_word' id='word_1_470' title='bbox 1088 3813 1181 3872; x_wconf 82' lang='lat' dir='ltr'><strong>primo</strong></span> <span class='ocrx_word' id='word_1_471' title='bbox 1206 3801 1295 3872; x_wconf 85' lang='lat' dir='ltr'><strong>juste,</strong></span> 
     </span>
     <span class='ocr_line' id='line_1_81' title="bbox 713 3868 1297 3945; baseline 0 -16"><span class='ocrx_word' id='word_1_472' title='bbox 713 3871 905 3945; x_wconf 84' lang='lat' dir='ltr'><strong>quiapropter</strong></span> <span class='ocrx_word' id='word_1_473' title='bbox 919 3868 1072 3926; x_wconf 82' lang='lat' dir='ltr'><strong>salsitatem</strong></span> <span class='ocrx_word' id='word_1_474' title='bbox 1085 3873 1297 3929; x_wconf 88' lang='lat' dir='ltr'><strong>accusationum</strong></span> 
     </span>
     <span class='ocr_line' id='line_1_82' title="bbox 713 3939 1297 4014; baseline -0.003 -14"><span class='ocrx_word' id='word_1_475' title='bbox 713 3949 742 4000; x_wconf 93' lang='lat' dir='ltr'><strong>et</strong></span> <span class='ocrx_word' id='word_1_476' title='bbox 754 3946 919 4013; x_wconf 89' lang='lat' dir='ltr'><strong>corruptum</strong></span> <span class='ocrx_word' id='word_1_477' title='bbox 931 3939 1070 4013; x_wconf 84' lang='lat' dir='ltr'><strong>judicium</strong></span> <span class='ocrx_word' id='word_1_478' title='bbox 1085 3941 1196 4014; x_wconf 90' lang='lat' dir='ltr'><strong>indigni</strong></span> <span class='ocrx_word' id='word_1_479' title='bbox 1214 3951 1297 4000; x_wconf 86' lang='lat' dir='ltr'><strong>erent</strong></span> 
     </span>
     <span class='ocr_line' id='line_1_83' title="bbox 714 4011 1298 4082; baseline -0.002 -11"><span class='ocrx_word' id='word_1_480' title='bbox 714 4013 833 4082; x_wconf 88' lang='lat' dir='ltr'><strong>audire;</strong></span> <span class='ocrx_word' id='word_1_481' title='bbox 856 4011 981 4069; x_wconf 89' lang='lat' dir='ltr'><strong>seeundo</strong></span> <span class='ocrx_word' id='word_1_482' title='bbox 1004 4011 1237 4082; x_wconf 85' lang='lat' dir='ltr'><strong>misericorditer,</strong></span> <span class='ocrx_word' id='word_1_483' title='bbox 1262 4031 1298 4070; x_wconf 88' lang='lat' dir='ltr'><strong>no</strong></span> 
     </span>
     <span class='ocr_line' id='line_1_84' title="bbox 714 4083 1298 4214; baseline -0.002 0"><span class='ocrx_word' id='word_1_484' title='bbox 714 4083 823 4214; x_wconf 65' lang='lat' dir='ltr'><strong>titt</strong></span> <span class='ocrx_word' id='word_1_485' title='bbox 838 4087 1163 4212; x_wconf 63' lang='lat' dir='ltr'><strong>dltttlttttttt</strong></span> <span class='ocrx_word' id='word_1_486' title='bbox 1183 4086 1298 4213; x_wconf 63' lang='lat' dir='ltr'><strong>titt</strong></span> 
     </span>
     <span class='ocr_line' id='line_1_85' title="bbox 1163 4198 1171 4225; baseline 0 0"><span class='ocrx_word' id='word_1_487' title='bbox 1163 4198 1171 4225; x_wconf 80' lang='lat' dir='ltr'><strong>l</strong></span> 
     </span>
     <span class='ocr_line' id='line_1_86' title="bbox 716 4199 1297 4300; baseline -0.007 -13"><span class='ocrx_word' id='word_1_488' title='bbox 716 4199 879 4296; x_wconf 72' lang='lat' dir='ltr'><strong>obedirent;</strong></span> <span class='ocrx_word' id='word_1_489' title='bbox 892 4229 977 4285; x_wconf 90' lang='lat' dir='ltr'><strong>tertio</strong></span> <span class='ocrx_word' id='word_1_490' title='bbox 998 4227 1199 4300; x_wconf 84' lang='lat' dir='ltr'><strong>dispensative,</strong></span> <span class='ocrx_word' id='word_1_491' title='bbox 1215 4243 1250 4284; x_wconf 92' lang='lat' dir='ltr'><strong>ne</strong></span> <span class='ocrx_word' id='word_1_492' title='bbox 1273 4226 1297 4283; x_wconf 90' lang='lat' dir='ltr'><strong>si</strong></span> 
     </span>
     <span class='ocr_line' id='line_1_87' title="bbox 716 4297 1298 4364; baseline -0.009 -6"><span class='ocrx_word' id='word_1_493' title='bbox 716 4317 747 4358; x_wconf 85' lang='lat' dir='ltr'><strong>so</strong></span> <span class='ocrx_word' id='word_1_494' title='bbox 771 4305 919 4358; x_wconf 78' lang='lat' dir='ltr'><strong>ercuseuet</strong></span> <span class='ocrx_word' id='word_1_495' title='bbox 936 4297 1139 4364; x_wconf 87' lang='lat' dir='ltr'><strong>dimitteretur,</strong></span> <span class='ocrx_word' id='word_1_496' title='bbox 1157 4304 1186 4356; x_wconf 91' lang='lat' dir='ltr'><strong>et</strong></span> <span class='ocrx_word' id='word_1_497' title='bbox 1204 4297 1298 4356; x_wconf 87' lang='lat' dir='ltr'><strong>erucis</strong></span> 
     </span>
     <span class='ocr_line' id='line_1_88' title="bbox 718 4369 1298 4443; baseline -0.005 -13"><span class='ocrx_word' id='word_1_498' title='bbox 718 4371 836 4443; x_wconf 90' lang='lat' dir='ltr'><strong>utilitas,</strong></span> <span class='ocrx_word' id='word_1_499' title='bbox 852 4369 961 4429; x_wconf 86' lang='lat' dir='ltr'><strong>seilicet</strong></span> <span class='ocrx_word' id='word_1_500' title='bbox 978 4375 1077 4428; x_wconf 86' lang='lat' dir='ltr'><strong>nostra</strong></span> <span class='ocrx_word' id='word_1_501' title='bbox 1093 4371 1169 4427; x_wconf 85' lang='lat' dir='ltr'><strong>salus</strong></span> <span class='ocrx_word' id='word_1_502' title='bbox 1187 4377 1216 4428; x_wconf 89' lang='lat' dir='ltr'><strong>et</strong></span> <span class='ocrx_word' id='word_1_503' title='bbox 1232 4369 1298 4427; x_wconf 88' lang='lat' dir='ltr'><strong>red·</strong></span> 
     </span>
    </p>
   </div>
   <div class='ocr_carea' id='block_1_9' title="bbox 1224 4463 1238 4510">
    <p class='ocr_par' dir='ltr' id='par_1_9' title="bbox 1224 4463 1238 4510">
     <span class='ocr_line' id='line_1_89' title="bbox 1224 4463 1238 4510; baseline 0 0"><span class='ocrx_word' id='word_1_504' title='bbox 1224 4463 1238 4510; x_wconf 75' lang='lat' dir='ltr'><strong>b</strong></span> 
     </span>
    </p>
   </div>
   <div class='ocr_carea' id='block_1_10' title="bbox 0 0 1531 5042">
    <p class='ocr_par' dir='ltr' id='par_1_10' title="bbox 0 0 1531 5042">
     <span class='ocr_line' id='line_1_90' title="bbox 0 0 1531 5042; baseline 0 0"><span class='ocrx_word' id='word_1_505' title='bbox 0 0 1531 5042; x_wconf 95' lang='lat' dir='ltr'><strong> </strong></span> 
     </span>
    </p>
   </div>
  </div>
 </body>
</html>
