<?xml version="1.0" encoding="UTF-8"?>
<!DOCTYPE html PUBLIC "-//W3C//DTD XHTML 1.0 Transitional//EN"
    "http://www.w3.org/TR/xhtml1/DTD/xhtml1-transitional.dtd">
<html xmlns="http://www.w3.org/1999/xhtml" xml:lang="en" lang="en">
 <head>
  <title>
</title>
<meta http-equiv="Content-Type" content="text/html;charset=utf-8" />
  <meta name='ocr-system' content='tesseract 3.04.00' />
  <meta name='ocr-capabilities' content='ocr_page ocr_carea ocr_par ocr_line ocrx_word'/>
</head>
<body>
  <div class='ocr_page' id='page_1' title='image "./vitajesuchristi03ludogoog/vitajesuchristi03ludogoog_0267.png"; bbox 0 0 3124 5038; ppageno 0'>
   <div class='ocr_carea' id='block_1_1' title="bbox 242 389 1162 456">
    <p class='ocr_par' dir='ltr' id='par_1_1' title="bbox 242 389 1162 456">
     <span class='ocr_line' id='line_1_1' title="bbox 242 389 1162 456; baseline 0.009 -10"><span class='ocrx_word' id='word_1_1' title='bbox 242 396 288 446; x_wconf 79' lang='lat' dir='ltr'><strong>aso</strong></span> <span class='ocrx_word' id='word_1_2' title='bbox 559 389 718 446; x_wconf 74' lang='lat' dir='ltr'><strong>secusne</strong></span> <span class='ocrx_word' id='word_1_3' title='bbox 747 393 871 448; x_wconf 79' lang='lat' dir='ltr'><strong>ruuxrs</strong></span> <span class='ocrx_word' id='word_1_4' title='bbox 899 395 1003 452; x_wconf 80' lang='lat' dir='ltr'><strong>carur</strong></span> <span class='ocrx_word' id='word_1_5' title='bbox 1031 401 1162 456; x_wconf 84' lang='lat' dir='ltr'><strong>nxxxu</strong></span> 
     </span>
    </p>
   </div>
   <div class='ocr_carea' id='block_1_2' title="bbox 247 501 1518 586">
    <p class='ocr_par' dir='ltr' id='par_1_2' title="bbox 247 501 1518 586">
     <span class='ocr_line' id='line_1_2' title="bbox 247 501 1518 586; baseline 0.008 -25"><span class='ocrx_word' id='word_1_6' title='bbox 247 505 338 562; x_wconf 84' lang='lat' dir='ltr'><strong>redire</strong></span> <span class='ocrx_word' id='word_1_7' title='bbox 370 501 597 577; x_wconf 75' lang='lat' dir='ltr'><strong>conspexerant?</strong></span> <span class='ocrx_word' id='word_1_8' title='bbox 615 503 704 570; x_wconf 85' lang='lat' dir='ltr'><strong>Quam</strong></span> <span class='ocrx_word' id='word_1_9' title='bbox 734 501 832 560; x_wconf 83' lang='lat' dir='ltr'>dulces</span> <span class='ocrx_word' id='word_1_10' title='bbox 887 502 1023 586; x_wconf 68' lang='lat' dir='ltr'><strong>praedicta</strong></span> <span class='ocrx_word' id='word_1_11' title='bbox 1046 504 1119 561; x_wconf 90' lang='lat' dir='ltr'><strong>lelici</strong></span> <span class='ocrx_word' id='word_1_12' title='bbox 1141 507 1327 566; x_wconf 86' lang='lat' dir='ltr'><strong>multitudine</strong></span> <span class='ocrx_word' id='word_1_13' title='bbox 1345 513 1452 582; x_wconf 81' lang='lat' dir='ltr'><strong>aperiens</strong></span> <span class='ocrx_word' id='word_1_14' title='bbox 1516 523 1518 531; x_wconf 79' lang='grc'>’</span> 
     </span>
    </p>
   </div>
   <div class='ocr_carea' id='block_1_3' title="bbox 241 571 1453 1086">
    <p class='ocr_par' dir='ltr' id='par_1_3' title="bbox 241 571 1453 1086">
     <span class='ocr_line' id='line_1_3' title="bbox 245 571 1452 656; baseline 0.007 -24"><span class='ocrx_word' id='word_1_15' title='bbox 245 576 394 648; x_wconf 77' lang='lat' dir='ltr'><strong>lacrymas,</strong></span> <span class='ocrx_word' id='word_1_16' title='bbox 411 579 517 648; x_wconf 87' lang='lat' dir='ltr'><strong>quauta</strong></span> <span class='ocrx_word' id='word_1_17' title='bbox 533 589 582 644; x_wconf 86' lang='lat' dir='ltr'><strong>spe</strong></span> <span class='ocrx_word' id='word_1_18' title='bbox 601 581 630 630; x_wconf 91' lang='lat' dir='ltr'><strong>et</strong></span> <span class='ocrx_word' id='word_1_19' title='bbox 648 571 749 656; x_wconf 76' lang='lat' dir='ltr'><strong>letitia</strong></span> <span class='ocrx_word' id='word_1_20' title='bbox 769 575 831 631; x_wconf 87' lang='lat' dir='ltr'><strong>ler-</strong></span> <span class='ocrx_word' id='word_1_21' title='bbox 882 589 986 646; x_wconf 88' lang='lat' dir='ltr'><strong>Januas</strong></span> <span class='ocrx_word' id='word_1_22' title='bbox 1000 575 1137 648; x_wconf 81' lang='lat' dir='ltr'>paradisi,</span> <span class='ocrx_word' id='word_1_23' title='bbox 1153 595 1244 651; x_wconf 88' lang='lat' dir='ltr'><strong>usque</strong></span> <span class='ocrx_word' id='word_1_24' title='bbox 1264 584 1332 637; x_wconf 88' lang='lat' dir='ltr'><strong>tuno</strong></span> <span class='ocrx_word' id='word_1_25' title='bbox 1350 581 1452 640; x_wconf 83' lang='lat' dir='ltr'><strong>humano</strong></span> 
     </span>
     <span class='ocr_line' id='line_1_4' title="bbox 245 643 1453 728; baseline 0.007 -25"><span class='ocrx_word' id='word_1_26' title='bbox 245 653 343 706; x_wconf 80' lang='lat' dir='ltr'>ventes</span> <span class='ocrx_word' id='word_1_27' title='bbox 358 664 410 720; x_wconf 92' lang='lat' dir='ltr'><strong>pro</strong></span> <span class='ocrx_word' id='word_1_28' title='bbox 432 647 562 708; x_wconf 76' lang='lat' dir='ltr'><strong>inaressu</strong></span> <span class='ocrx_word' id='word_1_29' title='bbox 586 643 710 702; x_wconf 85' lang='lat' dir='ltr'><strong>coelestrs</strong></span> <span class='ocrx_word' id='word_1_30' title='bbox 730 646 830 728; x_wconf 68' lang='lat' dir='ltr'><strong>patrias</strong></span> <span class='ocrx_word' id='word_1_31' title='bbox 884 644 982 718; x_wconf 80' lang='lat' dir='ltr'>generi</span> <span class='ocrx_word' id='word_1_32' title='bbox 994 647 1116 718; x_wconf 88' lang='lat' dir='ltr'><strong>clausas,</strong></span> <span class='ocrx_word' id='word_1_33' title='bbox 1131 647 1248 707; x_wconf 84' lang='lat' dir='ltr'><strong>intravit</strong></span> <span class='ocrx_word' id='word_1_34' title='bbox 1264 651 1453 724; x_wconf 81' lang='lat' dir='ltr'><strong>triumphaliter</strong></span> 
     </span>
     <span class='ocr_line' id='line_1_5' title="bbox 245 718 1452 798; baseline 0.005 -24"><span class='ocrx_word' id='word_1_35' title='bbox 245 719 398 790; x_wconf 79' lang='lat' dir='ltr'><strong>fuderunt,</strong></span> <span class='ocrx_word' id='word_1_36' title='bbox 418 735 473 790; x_wconf 92' lang='lat' dir='ltr'><strong>quo</strong></span> <span class='ocrx_word' id='word_1_37' title='bbox 500 720 590 775; x_wconf 87' lang='lat' dir='ltr'><strong>Deum</strong></span> <span class='ocrx_word' id='word_1_38' title='bbox 619 732 652 773; x_wconf 90' lang='lat' dir='ltr'><strong>ac</strong></span> <span class='ocrx_word' id='word_1_39' title='bbox 679 718 829 774; x_wconf 76' lang='lat' dir='ltr'><strong>Dominum</strong></span> <span class='ocrx_word' id='word_1_40' title='bbox 883 719 913 798; x_wconf 73' lang='lat' dir='ltr'><strong>et</strong></span> <span class='ocrx_word' id='word_1_41' title='bbox 932 718 1092 790; x_wconf 79' lang='lat' dir='ltr'>gaudenter</span> <span class='ocrx_word' id='word_1_42' title='bbox 1106 723 1133 777; x_wconf 91' lang='lat' dir='ltr'><strong>in</strong></span> <span class='ocrx_word' id='word_1_43' title='bbox 1149 738 1208 779; x_wconf 87' lang='lat' dir='ltr'><strong>eas.</strong></span> <span class='ocrx_word' id='word_1_44' title='bbox 1223 723 1362 781; x_wconf 73' lang='lat' dir='ltr'><strong>Ascendit</strong></span> <span class='ocrx_word' id='word_1_45' title='bbox 1376 731 1452 780; x_wconf 86' lang='lat' dir='ltr'><strong>auten</strong></span> 
     </span>
     <span class='ocr_line' id='line_1_6' title="bbox 244 788 1452 867; baseline 0.004 -19"><span class='ocrx_word' id='word_1_46' title='bbox 244 807 324 848; x_wconf 88' lang='lat' dir='ltr'><strong>suum</strong></span> <span class='ocrx_word' id='word_1_47' title='bbox 345 797 454 862; x_wconf 90' lang='lat' dir='ltr'><strong>partem</strong></span> <span class='ocrx_word' id='word_1_48' title='bbox 475 806 534 846; x_wconf 86' lang='lat' dir='ltr'><strong>suae</strong></span> <span class='ocrx_word' id='word_1_49' title='bbox 555 793 664 844; x_wconf 78' lang='lat' dir='ltr'><strong>naturae</strong></span> <span class='ocrx_word' id='word_1_50' title='bbox 676 788 735 860; x_wconf 87' lang='lat' dir='ltr'><strong>jam</strong></span> <span class='ocrx_word' id='word_1_51' title='bbox 754 789 828 847; x_wconf 82' lang='lat' dir='ltr'><strong>terre</strong></span> <span class='ocrx_word' id='word_1_52' title='bbox 882 803 913 843; x_wconf 84' lang='lat' dir='ltr'><strong>ln</strong></span> <span class='ocrx_word' id='word_1_53' title='bbox 942 790 1045 846; x_wconf 83' lang='lat' dir='ltr'><strong>coelum</strong></span> <span class='ocrx_word' id='word_1_54' title='bbox 1072 807 1238 864; x_wconf 78' lang='lat' dir='ltr'><strong>empyreum</strong></span> <span class='ocrx_word' id='word_1_55' title='bbox 1268 811 1452 867; x_wconf 85' lang='lat' dir='ltr'><strong>superomnes</strong></span> 
     </span>
     <span class='ocr_line' id='line_1_7' title="bbox 243 858 1453 938; baseline 0.003 -19"><span class='ocrx_word' id='word_1_56' title='bbox 243 863 414 920; x_wconf 89' lang='lat' dir='ltr'><strong>cernebantl</strong></span> <span class='ocrx_word' id='word_1_57' title='bbox 430 861 528 918; x_wconf 86' lang='lat' dir='ltr'><strong>llarito</strong></span> <span class='ocrx_word' id='word_1_58' title='bbox 541 877 609 932; x_wconf 77' lang='lat' dir='ltr'><strong>ergo</strong></span> <span class='ocrx_word' id='word_1_59' title='bbox 621 858 671 916; x_wconf 91' lang='lat' dir='ltr'><strong>tali</strong></span> <span class='ocrx_word' id='word_1_60' title='bbox 685 865 828 932; x_wconf 85' lang='lat' dir='ltr'><strong>spectacu—</strong></span> <span class='ocrx_word' id='word_1_61' title='bbox 881 858 952 917; x_wconf 89' lang='lat' dir='ltr'><strong>allos</strong></span> <span class='ocrx_word' id='word_1_62' title='bbox 968 862 1066 931; x_wconf 90' lang='lat' dir='ltr'><strong>coelos,</strong></span> <span class='ocrx_word' id='word_1_63' title='bbox 1080 862 1137 920; x_wconf 91' lang='lat' dir='ltr'><strong>imo</strong></span> <span class='ocrx_word' id='word_1_64' title='bbox 1152 880 1239 938; x_wconf 86' lang='lat' dir='ltr'><strong>super</strong></span> <span class='ocrx_word' id='word_1_65' title='bbox 1258 883 1373 923; x_wconf 85' lang='lat' dir='ltr'><strong>omnem</strong></span> <span class='ocrx_word' id='word_1_66' title='bbox 1388 867 1453 936; x_wconf 84' lang='lat' dir='ltr'><strong>spiri-</strong></span> 
     </span>
     <span class='ocr_line' id='line_1_8' title="bbox 242 931 1453 1006; baseline 0.003 -17"><span class='ocrx_word' id='word_1_67' title='bbox 242 934 270 990; x_wconf 93' lang='lat' dir='ltr'><strong>lo</strong></span> <span class='ocrx_word' id='word_1_68' title='bbox 287 933 396 1002; x_wconf 85' lang='lat' dir='ltr'><strong>relecti,</strong></span> <span class='ocrx_word' id='word_1_69' title='bbox 409 938 560 1006; x_wconf 74' lang='lat' dir='ltr'><strong>postquam</strong></span> <span class='ocrx_word' id='word_1_70' title='bbox 572 931 765 989; x_wconf 85' lang='lat' dir='ltr'><strong>adoraverunt</strong></span> <span class='ocrx_word' id='word_1_71' title='bbox 779 933 828 988; x_wconf 85' lang='lat' dir='ltr'><strong>ubi</strong></span> <span class='ocrx_word' id='word_1_72' title='bbox 880 934 940 987; x_wconf 90' lang='lat' dir='ltr'><strong>tum</strong></span> <span class='ocrx_word' id='word_1_73' title='bbox 954 931 1078 996; x_wconf 86' lang='lat' dir='ltr'><strong>beatum,</strong></span> <span class='ocrx_word' id='word_1_74' title='bbox 1088 941 1117 991; x_wconf 94' lang='lat' dir='ltr'><strong>et</strong></span> <span class='ocrx_word' id='word_1_75' title='bbox 1126 951 1242 993; x_wconf 85' lang='lat' dir='ltr'><strong>omnem</strong></span> <span class='ocrx_word' id='word_1_76' title='bbox 1258 943 1424 1000; x_wconf 86' lang='lat' dir='ltr'><strong>creaturam.</strong></span> <span class='ocrx_word' id='word_1_77' title='bbox 1433 949 1453 994; x_wconf 87' lang='lat' dir='ltr'><strong>et</strong></span> 
     </span>
     <span class='ocr_line' id='line_1_9' title="bbox 241 1005 1452 1086; baseline 0.005 -26"><span class='ocrx_word' id='word_1_78' title='bbox 241 1010 373 1062; x_wconf 76' lang='lat' dir='ltr'><strong>steterunt</strong></span> <span class='ocrx_word' id='word_1_79' title='bbox 386 1005 468 1077; x_wconf 85' lang='lat' dir='ltr'><strong>pedes</strong></span> <span class='ocrx_word' id='word_1_80' title='bbox 485 1005 562 1086; x_wconf 69' lang='lat' dir='ltr'><strong>ejusa</strong></span> <span class='ocrx_word' id='word_1_81' title='bbox 577 1009 726 1074; x_wconf 79' lang='lat' dir='ltr'><strong>postquam</strong></span> <span class='ocrx_word' id='word_1_82' title='bbox 742 1005 827 1060; x_wconf 83' lang='lat' dir='ltr'><strong>vesti·</strong></span> <span class='ocrx_word' id='word_1_83' title='bbox 880 1017 966 1074; x_wconf 89' lang='lat' dir='ltr'><strong>supra</strong></span> <span class='ocrx_word' id='word_1_84' title='bbox 985 1020 1068 1062; x_wconf 90' lang='lat' dir='ltr'><strong>omne</strong></span> <span class='ocrx_word' id='word_1_85' title='bbox 1084 1007 1161 1078; x_wconf 91' lang='lat' dir='ltr'><strong>quod</strong></span> <span class='ocrx_word' id='word_1_86' title='bbox 1176 1007 1348 1065; x_wconf 88' lang='lat' dir='ltr'><strong>nominatur</strong></span> <span class='ocrx_word' id='word_1_87' title='bbox 1366 1009 1393 1066; x_wconf 91' lang='lat' dir='ltr'><strong>iu</strong></span> <span class='ocrx_word' id='word_1_88' title='bbox 1413 1011 1452 1065; x_wconf 84' lang='lat' dir='ltr'><strong>bor</strong></span> 
     </span>
    </p>
   </div>
   <div class='ocr_carea' id='block_1_4' title="bbox 242 1073 1522 1151">
    <p class='ocr_par' dir='ltr' id='par_1_4' title="bbox 242 1073 1522 1151">
     <span class='ocr_line' id='line_1_10' title="bbox 242 1073 1522 1151; baseline 0.002 -17"><span class='ocrx_word' id='word_1_89' title='bbox 242 1075 289 1148; x_wconf 84' lang='lat' dir='ltr'><strong>gia</strong></span> <span class='ocrx_word' id='word_1_90' title='bbox 308 1092 371 1147; x_wconf 81' lang='lat' dir='ltr'><strong>quae</strong></span> <span class='ocrx_word' id='word_1_91' title='bbox 388 1077 540 1134; x_wconf 78' lang='lat' dir='ltr'><strong>novissime</strong></span> <span class='ocrx_word' id='word_1_92' title='bbox 554 1073 625 1142; x_wconf 87' lang='lat' dir='ltr'><strong>flxit,</strong></span> <span class='ocrx_word' id='word_1_93' title='bbox 640 1073 772 1147; x_wconf 83' lang='lat' dir='ltr'><strong>lacrymis</strong></span> <span class='ocrx_word' id='word_1_94' title='bbox 786 1074 826 1132; x_wconf 84' lang='lat' dir='ltr'><strong>ri-</strong></span> <span class='ocrx_word' id='word_1_95' title='bbox 879 1073 987 1144; x_wconf 88' lang='lat' dir='ltr'><strong>seculo,</strong></span> <span class='ocrx_word' id='word_1_96' title='bbox 1000 1075 1044 1132; x_wconf 79' lang='lat' dir='ltr'><strong>rel</strong></span> <span class='ocrx_word' id='word_1_97' title='bbox 1066 1077 1094 1132; x_wconf 91' lang='lat' dir='ltr'><strong>in</strong></span> <span class='ocrx_word' id='word_1_98' title='bbox 1113 1077 1218 1136; x_wconf 85' lang='lat' dir='ltr'><strong>tuturo.</strong></span> <span class='ocrx_word' id='word_1_99' title='bbox 1235 1081 1272 1136; x_wconf 88' lang='lat' dir='ltr'><strong>Et</strong></span> <span class='ocrx_word' id='word_1_100' title='bbox 1293 1087 1373 1148; x_wconf 87' lang='lat' dir='ltr'><strong>uota,</strong></span> <span class='ocrx_word' id='word_1_101' title='bbox 1394 1081 1452 1151; x_wconf 91' lang='lat' dir='ltr'><strong>quod</strong></span> <span class='ocrx_word' id='word_1_102' title='bbox 1520 1074 1522 1094; x_wconf 83' lang='lat'><strong>¹</strong></span> 
     </span>
    </p>
   </div>
   <div class='ocr_carea' id='block_1_5' title="bbox 241 1145 1454 1274">
    <p class='ocr_par' dir='ltr' id='par_1_5' title="bbox 241 1145 1454 1274">
     <span class='ocr_line' id='line_1_11' title="bbox 241 1145 1454 1274; baseline 0.003 -72"><span class='ocrx_word' id='word_1_103' title='bbox 241 1153 383 1274; x_wconf 56' lang='lat' dir='ltr'><strong>faverunt</strong></span> <span class='ocrx_word' id='word_1_104' title='bbox 401 1145 534 1220; x_wconf 84' lang='lat' dir='ltr'><strong>profusis,</strong></span> <span class='ocrx_word' id='word_1_105' title='bbox 547 1145 696 1202; x_wconf 76' lang='lat' dir='ltr'><strong>confestim</strong></span> <span class='ocrx_word' id='word_1_106' title='bbox 715 1146 826 1204; x_wconf 87' lang='lat' dir='ltr'><strong>rediere</strong></span> <span class='ocrx_word' id='word_1_107' title='bbox 880 1147 980 1218; x_wconf 80' lang='lat' dir='ltr'><strong>triplex</strong></span> <span class='ocrx_word' id='word_1_108' title='bbox 996 1163 1059 1204; x_wconf 86' lang='lat' dir='ltr'><strong>esse</strong></span> <span class='ocrx_word' id='word_1_109' title='bbox 1079 1149 1182 1206; x_wconf 88' lang='lat' dir='ltr'><strong>coelum</strong></span> <span class='ocrx_word' id='word_1_110' title='bbox 1201 1149 1336 1209; x_wconf 87' lang='lat' dir='ltr'><strong>insinuat</strong></span> <span class='ocrx_word' id='word_1_111' title='bbox 1355 1153 1454 1224; x_wconf 76' lang='lat' dir='ltr'><strong>Aposto</strong></span> 
     </span>
    </p>
   </div>
   <div class='ocr_carea' id='block_1_6' title="bbox 242 1207 1523 1372">
    <p class='ocr_par' dir='ltr' id='par_1_6' title="bbox 242 1207 1523 1372">
     <span class='ocr_line' id='line_1_12' title="bbox 257 1207 1523 1294; baseline 0 -20"><span class='ocrx_word' id='word_1_112' title='bbox 257 1219 457 1291; x_wconf 89' lang='lat' dir='ltr'><strong>erosolymam,</strong></span> <span class='ocrx_word' id='word_1_113' title='bbox 476 1207 525 1274; x_wconf 90' lang='lat' dir='ltr'><strong>ubi</strong></span> <span class='ocrx_word' id='word_1_114' title='bbox 553 1216 705 1274; x_wconf 83' lang='lat' dir='ltr'><strong>adventum</strong></span> <span class='ocrx_word' id='word_1_115' title='bbox 731 1217 825 1276; x_wconf 87' lang='lat' dir='ltr'><strong>Sancti</strong></span> <span class='ocrx_word' id='word_1_116' title='bbox 879 1216 934 1284; x_wconf 90' lang='lat' dir='ltr'><strong>lus,</strong></span> <span class='ocrx_word' id='word_1_117' title='bbox 953 1216 1001 1274; x_wconf 91' lang='lat' dir='ltr'><strong>ubi</strong></span> <span class='ocrx_word' id='word_1_118' title='bbox 1021 1219 1125 1275; x_wconf 89' lang='lat' dir='ltr'><strong>latetur</strong></span> <span class='ocrx_word' id='word_1_119' title='bbox 1141 1236 1173 1277; x_wconf 86' lang='lat' dir='ltr'><strong>se</strong></span> <span class='ocrx_word' id='word_1_120' title='bbox 1191 1231 1311 1293; x_wconf 87' lang='lat' dir='ltr'><strong>raptum</strong></span> <span class='ocrx_word' id='word_1_121' title='bbox 1327 1239 1412 1294; x_wconf 83' lang='lat' dir='ltr'><strong>usque</strong></span> <span class='ocrx_word' id='word_1_122' title='bbox 1428 1221 1454 1278; x_wconf 86' lang='lat' dir='ltr'><strong>ad</strong></span> <span class='ocrx_word' id='word_1_123' title='bbox 1522 1271 1523 1274; x_wconf 74' lang='grc'>,</span> 
     </span>
     <span class='ocr_line' id='line_1_13' title="bbox 242 1287 1523 1372; baseline 0.003 -26"><span class='ocrx_word' id='word_1_124' title='bbox 242 1288 362 1372; x_wconf 75' lang='lat' dir='ltr'><strong>Spiritus</strong></span> <span class='ocrx_word' id='word_1_125' title='bbox 381 1292 544 1372; x_wconf 83' lang='lat' dir='ltr'><strong>exspectare</strong></span> <span class='ocrx_word' id='word_1_126' title='bbox 559 1295 625 1344; x_wconf 91' lang='lat' dir='ltr'><strong>suut</strong></span> <span class='ocrx_word' id='word_1_127' title='bbox 640 1287 722 1360; x_wconf 88' lang='lat' dir='ltr'><strong>jussi.</strong></span> <span class='ocrx_word' id='word_1_128' title='bbox 742 1291 775 1344; x_wconf 86' lang='lat' dir='ltr'><strong>Et</strong></span> <span class='ocrx_word' id='word_1_129' title='bbox 794 1294 826 1347; x_wconf 90' lang='lat' dir='ltr'><strong>ut</strong></span> <span class='ocrx_word' id='word_1_130' title='bbox 879 1287 995 1346; x_wconf 91' lang='lat' dir='ltr'><strong>tertium</strong></span> <span class='ocrx_word' id='word_1_131' title='bbox 1011 1291 1124 1348; x_wconf 87' lang='lat' dir='ltr'><strong>coetum.</strong></span> <span class='ocrx_word' id='word_1_132' title='bbox 1137 1293 1214 1350; x_wconf 90' lang='lat' dir='ltr'><strong>luter</strong></span> <span class='ocrx_word' id='word_1_133' title='bbox 1225 1309 1304 1365; x_wconf 90' lang='lat' dir='ltr'><strong>quos</strong></span> <span class='ocrx_word' id='word_1_134' title='bbox 1317 1296 1413 1362; x_wconf 85' lang='lat' dir='ltr'><strong>coelos,</strong></span> <span class='ocrx_word' id='word_1_135' title='bbox 1424 1309 1455 1350; x_wconf 81' lang='lat' dir='ltr'><strong>se</strong></span> <span class='ocrx_word' id='word_1_136' title='bbox 1522 1305 1523 1332; x_wconf 67' lang='lat' dir='ltr'><strong>t</strong></span> 
     </span>
    </p>
   </div>
   <div class='ocr_carea' id='block_1_7' title="bbox 236 1357 1456 1580">
    <p class='ocr_par' dir='ltr' id='par_1_7' title="bbox 236 1357 1456 1580">
     <span class='ocr_line' id='line_1_14' title="bbox 240 1357 1456 1437; baseline 0.002 -20"><span class='ocrx_word' id='word_1_137' title='bbox 240 1359 319 1434; x_wconf 77' lang='lat' dir='ltr'><strong>digni</strong></span> <span class='ocrx_word' id='word_1_138' title='bbox 331 1361 491 1419; x_wconf 76' lang='lat' dir='ltr'><strong>caelestibus</strong></span> <span class='ocrx_word' id='word_1_139' title='bbox 504 1358 649 1433; x_wconf 68' lang='lat' dir='ltr'><strong>promis-ia</strong></span> <span class='ocrx_word' id='word_1_140' title='bbox 658 1357 822 1431; x_wconf 81' lang='lat' dir='ltr'><strong>existerent,</strong></span> <span class='ocrx_word' id='word_1_141' title='bbox 879 1359 1001 1418; x_wconf 90' lang='lat' dir='ltr'><strong>eundum</strong></span> <span class='ocrx_word' id='word_1_142' title='bbox 1010 1363 1348 1437; x_wconf 63' lang='lat' dir='ltr'><strong>Aopmetnomprimum</strong></span> <span class='ocrx_word' id='word_1_143' title='bbox 1358 1371 1398 1422; x_wconf 90' lang='lat' dir='ltr'><strong>est</strong></span> <span class='ocrx_word' id='word_1_144' title='bbox 1409 1381 1456 1421; x_wconf 73' lang='lat' dir='ltr'><strong>cor</strong></span> 
     </span>
     <span class='ocr_line' id='line_1_15' title="bbox 236 1430 1454 1506; baseline 0.001 -16"><span class='ocrx_word' id='word_1_145' title='bbox 236 1439 321 1490; x_wconf 91' lang='lat' dir='ltr'><strong>erant</strong></span> <span class='ocrx_word' id='word_1_146' title='bbox 334 1449 448 1506; x_wconf 88' lang='lat' dir='ltr'><strong>semper</strong></span> <span class='ocrx_word' id='word_1_147' title='bbox 461 1431 490 1488; x_wconf 91' lang='lat' dir='ltr'><strong>in</strong></span> <span class='ocrx_word' id='word_1_148' title='bbox 511 1430 614 1504; x_wconf 93' lang='lat' dir='ltr'><strong>templo</strong></span> <span class='ocrx_word' id='word_1_149' title='bbox 632 1430 780 1489; x_wconf 78' lang='lat' dir='ltr'><strong>laudantes</strong></span> <span class='ocrx_word' id='word_1_150' title='bbox 795 1438 824 1489; x_wconf 93' lang='lat' dir='ltr'><strong>et</strong></span> <span class='ocrx_word' id='word_1_151' title='bbox 878 1431 988 1502; x_wconf 88' lang='lat' dir='ltr'><strong>porale,</strong></span> <span class='ocrx_word' id='word_1_152' title='bbox 1003 1433 1073 1502; x_wconf 90' lang='lat' dir='ltr'><strong>sole,</strong></span> <span class='ocrx_word' id='word_1_153' title='bbox 1084 1433 1152 1492; x_wconf 88' lang='lat' dir='ltr'><strong>lune</strong></span> <span class='ocrx_word' id='word_1_154' title='bbox 1167 1442 1196 1492; x_wconf 91' lang='lat' dir='ltr'><strong>et</strong></span> <span class='ocrx_word' id='word_1_155' title='bbox 1210 1435 1308 1494; x_wconf 89' lang='lat' dir='ltr'><strong>stellis</strong></span> <span class='ocrx_word' id='word_1_156' title='bbox 1322 1443 1454 1502; x_wconf 75' lang='lat' dir='ltr'><strong>ornatum</strong></span> 
     </span>
     <span class='ocr_line' id='line_1_16' title="bbox 237 1501 1455 1580; baseline 0 -18"><span class='ocrx_word' id='word_1_157' title='bbox 237 1503 438 1562; x_wconf 82' lang='lat' dir='ltr'><strong>benedicentes</strong></span> <span class='ocrx_word' id='word_1_158' title='bbox 463 1506 563 1572; x_wconf 89' lang='lat' dir='ltr'><strong>Deum,</strong></span> <span class='ocrx_word' id='word_1_159' title='bbox 584 1501 704 1560; x_wconf 86' lang='lat' dir='ltr'><strong>scientes</strong></span> <span class='ocrx_word' id='word_1_160' title='bbox 723 1502 822 1561; x_wconf 87' lang='lat' dir='ltr'><strong>certis·</strong></span> <span class='ocrx_word' id='word_1_161' title='bbox 877 1503 1034 1561; x_wconf 87' lang='lat' dir='ltr'><strong>secundom</strong></span> <span class='ocrx_word' id='word_1_162' title='bbox 1060 1511 1104 1562; x_wconf 89' lang='lat' dir='ltr'><strong>est</strong></span> <span class='ocrx_word' id='word_1_163' title='bbox 1129 1503 1291 1578; x_wconf 83' lang='lat' dir='ltr'><strong>spirituale,</strong></span> <span class='ocrx_word' id='word_1_164' title='bbox 1322 1507 1455 1580; x_wconf 89' lang='lat' dir='ltr'><strong>spiritibus</strong></span> 
     </span>
    </p>
   </div>
   <div class='ocr_carea' id='block_1_8' title="bbox 239 1573 1523 1648">
    <p class='ocr_par' dir='ltr' id='par_1_8' title="bbox 239 1573 1523 1648">
     <span class='ocr_line' id='line_1_17' title="bbox 239 1573 1523 1648; baseline 0.002 -16"><span class='ocrx_word' id='word_1_165' title='bbox 239 1575 321 1646; x_wconf 89' lang='lat' dir='ltr'><strong>sime,</strong></span> <span class='ocrx_word' id='word_1_166' title='bbox 333 1576 399 1648; x_wconf 90' lang='lat' dir='ltr'><strong>quia</strong></span> <span class='ocrx_word' id='word_1_167' title='bbox 410 1576 460 1634; x_wconf 85' lang='lat' dir='ltr'><strong>illa</strong></span> <span class='ocrx_word' id='word_1_168' title='bbox 474 1574 652 1632; x_wconf 92' lang='lat' dir='ltr'><strong>solummodo</strong></span> <span class='ocrx_word' id='word_1_169' title='bbox 664 1575 822 1647; x_wconf 89' lang='lat' dir='ltr'><strong>cordaSpi-</strong></span> <span class='ocrx_word' id='word_1_170' title='bbox 875 1573 1013 1645; x_wconf 81' lang='lat' dir='ltr'><strong>angelicis</strong></span> <span class='ocrx_word' id='word_1_171' title='bbox 1026 1575 1208 1648; x_wconf 86' lang='lat' dir='ltr'><strong>deputatom;</strong></span> <span class='ocrx_word' id='word_1_172' title='bbox 1224 1579 1347 1636; x_wconf 89' lang='lat' dir='ltr'><strong>tertium</strong></span> <span class='ocrx_word' id='word_1_173' title='bbox 1363 1585 1405 1636; x_wconf 90' lang='lat' dir='ltr'><strong>est</strong></span> <span class='ocrx_word' id='word_1_174' title='bbox 1416 1594 1453 1634; x_wconf 88' lang='lat' dir='ltr'><strong>su·</strong></span> <span class='ocrx_word' id='word_1_175' title='bbox 1522 1601 1523 1611; x_wconf 47' lang='lat'>¹</span> 
     </span>
    </p>
   </div>
   <div class='ocr_carea' id='block_1_9' title="bbox 227 1644 1453 2652">
    <p class='ocr_par' dir='ltr' id='par_1_9' title="bbox 234 1644 1453 1916">
     <span class='ocr_line' id='line_1_18' title="bbox 235 1644 1452 1723; baseline 0.002 -20"><span class='ocrx_word' id='word_1_176' title='bbox 235 1645 305 1704; x_wconf 90' lang='lat' dir='ltr'><strong>ritus</strong></span> <span class='ocrx_word' id='word_1_177' title='bbox 325 1650 444 1706; x_wconf 86' lang='lat' dir='ltr'><strong>Sanctus</strong></span> <span class='ocrx_word' id='word_1_178' title='bbox 468 1647 591 1703; x_wconf 88' lang='lat' dir='ltr'><strong>invisere</strong></span> <span class='ocrx_word' id='word_1_179' title='bbox 608 1651 636 1703; x_wconf 91' lang='lat' dir='ltr'><strong>et</strong></span> <span class='ocrx_word' id='word_1_180' title='bbox 660 1644 821 1704; x_wconf 86' lang='lat' dir='ltr'><strong>inhabitare</strong></span> <span class='ocrx_word' id='word_1_181' title='bbox 874 1646 1128 1717; x_wconf 82' lang='lat' dir='ltr'><strong>perintellectuale,</strong></span> <span class='ocrx_word' id='word_1_182' title='bbox 1140 1649 1191 1706; x_wconf 91' lang='lat' dir='ltr'><strong>soli</strong></span> <span class='ocrx_word' id='word_1_183' title='bbox 1205 1650 1352 1708; x_wconf 70' lang='lat' dir='ltr'><strong>diuinitati</strong></span> <span class='ocrx_word' id='word_1_184' title='bbox 1363 1665 1452 1723; x_wconf 89' lang='lat' dir='ltr'><strong>appro-</strong></span> 
     </span>
     <span class='ocr_line' id='line_1_19' title="bbox 234 1715 1453 1843; baseline 0.001 -69"><span class='ocrx_word' id='word_1_185' title='bbox 234 1719 379 1790; x_wconf 78' lang='lat' dir='ltr'><strong>diguatur,</strong></span> <span class='ocrx_word' id='word_1_186' title='bbox 402 1735 464 1790; x_wconf 82' lang='lat' dir='ltr'><strong>quae</strong></span> <span class='ocrx_word' id='word_1_187' title='bbox 487 1719 582 1774; x_wconf 89' lang='lat' dir='ltr'><strong>locum</strong></span> <span class='ocrx_word' id='word_1_188' title='bbox 599 1716 745 1774; x_wconf 85' lang='lat' dir='ltr'><strong>orationis¹</strong></span> <span class='ocrx_word' id='word_1_189' title='bbox 759 1717 821 1773; x_wconf 84' lang='lat' dir='ltr'><strong>ire·</strong></span> <span class='ocrx_word' id='word_1_190' title='bbox 874 1715 1008 1843; x_wconf 52' lang='lat' dir='ltr'><strong>Emptum.</strong></span> <span class='ocrx_word' id='word_1_191' title='bbox 1021 1718 1064 1796; x_wconf 74' lang='lat' dir='ltr'><strong>rid</strong></span> <span class='ocrx_word' id='word_1_192' title='bbox 1081 1720 1134 1776; x_wconf 86' lang='lat' dir='ltr'><strong>boo</strong></span> <span class='ocrx_word' id='word_1_193' title='bbox 1156 1723 1273 1778; x_wconf 87' lang='lat' dir='ltr'><strong>tertium</strong></span> <span class='ocrx_word' id='word_1_194' title='bbox 1295 1729 1395 1794; x_wconf 88' lang='lat' dir='ltr'><strong>raptus</strong></span> <span class='ocrx_word' id='word_1_195' title='bbox 1412 1719 1453 1778; x_wconf 87' lang='lat' dir='ltr'><strong>tuit</strong></span> 
     </span>
     <span class='ocr_line' id='line_1_20' title="bbox 234 1787 1450 1916; baseline 0.002 -70"><span class='ocrx_word' id='word_1_196' title='bbox 234 1793 486 1916; x_wconf 56' lang='lat' dir='ltr'><strong>guentantiaquae</strong></span> <span class='ocrx_word' id='word_1_197' title='bbox 500 1787 576 1845; x_wconf 89' lang='lat' dir='ltr'><strong>laudi</strong></span> <span class='ocrx_word' id='word_1_198' title='bbox 589 1793 616 1844; x_wconf 86' lang='lat' dir='ltr'><strong>et</strong></span> <span class='ocrx_word' id='word_1_199' title='bbox 627 1787 819 1844; x_wconf 82' lang='lat' dir='ltr'><strong>benedictioni</strong></span> <span class='ocrx_word' id='word_1_200' title='bbox 896 1788 988 1857; x_wconf 88' lang='lat' dir='ltr'><strong>aulus,</strong></span> <span class='ocrx_word' id='word_1_201' title='bbox 1002 1805 1068 1862; x_wconf 91' lang='lat' dir='ltr'><strong>qu1a</strong></span> <span class='ocrx_word' id='word_1_202' title='bbox 1083 1807 1141 1848; x_wconf 94' lang='lat' dir='ltr'><strong>non</strong></span> <span class='ocrx_word' id='word_1_203' title='bbox 1158 1792 1195 1849; x_wconf 89' lang='lat' dir='ltr'><strong>ad</strong></span> <span class='ocrx_word' id='word_1_204' title='bbox 1206 1792 1350 1850; x_wconf 72' lang='lat' dir='ltr'><strong>visionem</strong></span> <span class='ocrx_word' id='word_1_205' title='bbox 1364 1809 1450 1862; x_wconf 87' lang='lat' dir='ltr'><strong>eorpo-</strong></span> 
     </span>
    </p>

    <p class='ocr_par' dir='ltr' id='par_1_10' title="bbox 227 1859 1451 2652">
     <span class='ocr_line' id='line_1_21' title="bbox 254 1859 1451 1938; baseline 0.003 -22"><span class='ocrx_word' id='word_1_206' title='bbox 254 1859 339 1918; x_wconf 77' lang='lat' dir='ltr'><strong>ivinae</strong></span> <span class='ocrx_word' id='word_1_207' title='bbox 351 1861 453 1918; x_wconf 77' lang='lat' dir='ltr'><strong>viderit</strong></span> <span class='ocrx_word' id='word_1_208' title='bbox 465 1876 527 1917; x_wconf 87' lang='lat' dir='ltr'><strong>esse</strong></span> <span class='ocrx_word' id='word_1_209' title='bbox 539 1859 644 1916; x_wconf 88' lang='lat' dir='ltr'><strong>dedita.</strong></span> <span class='ocrx_word' id='word_1_210' title='bbox 655 1859 734 1915; x_wconf 91' lang='lat' dir='ltr'><strong>Unde</strong></span> <span class='ocrx_word' id='word_1_211' title='bbox 747 1869 776 1917; x_wconf 88' lang='lat' dir='ltr'><strong>et</strong></span> <span class='ocrx_word' id='word_1_212' title='bbox 791 1861 820 1917; x_wconf 92' lang='lat' dir='ltr'><strong>in</strong></span> <span class='ocrx_word' id='word_1_213' title='bbox 873 1874 935 1916; x_wconf 90' lang='lat' dir='ltr'><strong>rum</strong></span> <span class='ocrx_word' id='word_1_214' title='bbox 953 1859 1122 1932; x_wconf 71' lang='lat' dir='ltr'><strong>caelestium,</strong></span> <span class='ocrx_word' id='word_1_215' title='bbox 1142 1879 1195 1920; x_wconf 89' lang='lat' dir='ltr'><strong>nec</strong></span> <span class='ocrx_word' id='word_1_216' title='bbox 1212 1865 1249 1921; x_wconf 88' lang='lat' dir='ltr'><strong>ad</strong></span> <span class='ocrx_word' id='word_1_217' title='bbox 1267 1864 1451 1938; x_wconf 78' lang='lat' dir='ltr'><strong>cognitionem</strong></span> 
     </span>
     <span class='ocr_line' id='line_1_22' title="bbox 232 1929 1451 2013; baseline 0.002 -25"><span class='ocrx_word' id='word_1_218' title='bbox 232 1931 350 1990; x_wconf 82' lang='lat' dir='ltr'><strong>Actibus</strong></span> <span class='ocrx_word' id='word_1_219' title='bbox 367 1947 467 1990; x_wconf 88' lang='lat' dir='ltr'><strong>eorum</strong></span> <span class='ocrx_word' id='word_1_220' title='bbox 491 1930 595 2002; x_wconf 81' lang='lat' dir='ltr'><strong>legitur</strong></span> <span class='ocrx_word' id='word_1_221' title='bbox 616 1929 652 1986; x_wconf 92' lang='lat' dir='ltr'><strong>de</strong></span> <span class='ocrx_word' id='word_1_222' title='bbox 673 1929 741 2002; x_wconf 90' lang='lat' dir='ltr'><strong>ipsis</strong></span> <span class='ocrx_word' id='word_1_223' title='bbox 759 1947 766 1988; x_wconf 90' lang='lat'>:</span> <span class='ocrx_word' id='word_1_224' title='bbox 782 1934 820 1988; x_wconf 79' lang='lat' dir='ltr'><strong>lla·</strong></span> <span class='ocrx_word' id='word_1_225' title='bbox 844 1980 846 1989; x_wconf 84' lang='lat'><em>.</em></span> <span class='ocrx_word' id='word_1_226' title='bbox 872 1930 1029 2013; x_wconf 83' lang='lat' dir='ltr'><strong>coelestium</strong></span> <span class='ocrx_word' id='word_1_227' title='bbox 1042 1931 1204 2005; x_wconf 90' lang='lat' dir='ltr'><strong>spirituum,</strong></span> <span class='ocrx_word' id='word_1_228' title='bbox 1220 1937 1272 1993; x_wconf 91' lang='lat' dir='ltr'><strong>sed</strong></span> <span class='ocrx_word' id='word_1_229' title='bbox 1287 1938 1326 1994; x_wconf 85' lang='lat' dir='ltr'><strong>ad</strong></span> <span class='ocrx_word' id='word_1_230' title='bbox 1340 1940 1451 1993; x_wconf 87' lang='lat' dir='ltr'><strong>couten-</strong></span> 
     </span>
     <span class='ocr_line' id='line_1_23' title="bbox 231 1994 1449 2074; baseline -0.002 -12"><span class='ocrx_word' id='word_1_231' title='bbox 231 2019 323 2062; x_wconf 84' lang='lat' dir='ltr'><strong>omnes</strong></span> <span class='ocrx_word' id='word_1_232' title='bbox 338 2009 416 2061; x_wconf 67' lang='lat' dir='ltr'><strong>mont</strong></span> <span class='ocrx_word' id='word_1_233' title='bbox 433 2005 817 2073; x_wconf 78' lang='lat' dir='ltr'><strong>unanimiterperseoerontes</strong></span> <span class='ocrx_word' id='word_1_234' title='bbox 843 1994 845 2065; x_wconf 71' lang='lat' dir='ltr'><strong>l</strong></span> <span class='ocrx_word' id='word_1_235' title='bbox 871 2003 1026 2074; x_wconf 85' lang='lat' dir='ltr'><strong>platronem</strong></span> <span class='ocrx_word' id='word_1_236' title='bbox 1056 2005 1161 2061; x_wconf 90' lang='lat' dir='ltr'><strong>nudam</strong></span> <span class='ocrx_word' id='word_1_237' title='bbox 1191 2007 1298 2066; x_wconf 84' lang='lat' dir='ltr'><strong>divinae</strong></span> <span class='ocrx_word' id='word_1_238' title='bbox 1330 2005 1449 2065; x_wconf 68' lang='lat' dir='ltr'><strong>asenne</strong></span> 
     </span>
     <span class='ocr_line' id='line_1_24' title="bbox 232 2073 1450 2151; baseline 0 -20"><span class='ocrx_word' id='word_1_239' title='bbox 232 2077 263 2132; x_wconf 83' lang='lat' dir='ltr'><strong>in</strong></span> <span class='ocrx_word' id='word_1_240' title='bbox 276 2080 411 2144; x_wconf 85' lang='lat' dir='ltr'><strong>oratione,</strong></span> <span class='ocrx_word' id='word_1_241' title='bbox 424 2075 501 2146; x_wconf 92' lang='lat' dir='ltr'><strong>quod</strong></span> <span class='ocrx_word' id='word_1_242' title='bbox 511 2074 594 2130; x_wconf 89' lang='lat' dir='ltr'><strong>nobis</strong></span> <span class='ocrx_word' id='word_1_243' title='bbox 606 2079 649 2130; x_wconf 85' lang='lat' dir='ltr'><strong>est</strong></span> <span class='ocrx_word' id='word_1_244' title='bbox 661 2073 816 2130; x_wconf 87' lang='lat' dir='ltr'><strong>testimoni·</strong></span> <span class='ocrx_word' id='word_1_245' title='bbox 871 2079 969 2144; x_wconf 88' lang='lat' dir='ltr'><strong>raptus</strong></span> <span class='ocrx_word' id='word_1_246' title='bbox 981 2073 1048 2144; x_wconf 90' lang='lat' dir='ltr'><strong>luit;</strong></span> <span class='ocrx_word' id='word_1_247' title='bbox 1064 2081 1092 2132; x_wconf 90' lang='lat' dir='ltr'><strong>et</strong></span> <span class='ocrx_word' id='word_1_248' title='bbox 1111 2076 1140 2132; x_wconf 92' lang='lat' dir='ltr'><strong>in</strong></span> <span class='ocrx_word' id='word_1_249' title='bbox 1154 2077 1209 2135; x_wconf 90' lang='lat' dir='ltr'><strong>hoc</strong></span> <span class='ocrx_word' id='word_1_250' title='bbox 1226 2081 1346 2151; x_wconf 88' lang='lat' dir='ltr'><strong>coelum,</strong></span> <span class='ocrx_word' id='word_1_251' title='bbox 1361 2093 1450 2136; x_wconf 81' lang='lat' dir='ltr'><strong>secun</strong></span> 
     </span>
     <span class='ocr_line' id='line_1_25' title="bbox 232 2144 1449 2222; baseline -0.002 -18"><span class='ocrx_word' id='word_1_252' title='bbox 232 2163 279 2204; x_wconf 87' lang='lat' dir='ltr'><strong>um</strong></span> <span class='ocrx_word' id='word_1_253' title='bbox 296 2149 390 2222; x_wconf 90' lang='lat' dir='ltr'><strong>operis</strong></span> <span class='ocrx_word' id='word_1_254' title='bbox 402 2145 554 2219; x_wconf 75' lang='lat' dir='ltr'><strong>apostotici</strong></span> <span class='ocrx_word' id='word_1_255' title='bbox 571 2145 691 2202; x_wconf 85' lang='lat' dir='ltr'><strong>solerter</strong></span> <span class='ocrx_word' id='word_1_256' title='bbox 705 2144 817 2202; x_wconf 88' lang='lat' dir='ltr'><strong>imitau-</strong></span> <span class='ocrx_word' id='word_1_257' title='bbox 870 2145 938 2200; x_wconf 92' lang='lat' dir='ltr'><strong>dum</strong></span> <span class='ocrx_word' id='word_1_258' title='bbox 961 2147 1091 2203; x_wconf 86' lang='lat' dir='ltr'><strong>eumdem</strong></span> <span class='ocrx_word' id='word_1_259' title='bbox 1113 2149 1315 2220; x_wconf 78' lang='lat' dir='ltr'><strong>Aepusta‘nam,</strong></span> <span class='ocrx_word' id='word_1_260' title='bbox 1331 2149 1449 2208; x_wconf 80' lang='lat' dir='ltr'><strong>asceudt</strong></span> 
     </span>
     <span class='ocr_line' id='line_1_26' title="bbox 231 2215 1450 2290; baseline 0 -16"><span class='ocrx_word' id='word_1_261' title='bbox 231 2219 482 2288; x_wconf 80' lang='lat' dir='ltr'><strong>dum,uidelicetut</strong></span> <span class='ocrx_word' id='word_1_262' title='bbox 490 2217 537 2290; x_wconf 95' lang='lat' dir='ltr'><strong>qui</strong></span> <span class='ocrx_word' id='word_1_263' title='bbox 545 2216 670 2274; x_wconf 87' lang='lat' dir='ltr'><strong>coelestia</strong></span> <span class='ocrx_word' id='word_1_264' title='bbox 679 2218 817 2288; x_wconf 86' lang='lat' dir='ltr'><strong>promissa</strong></span> <span class='ocrx_word' id='word_1_265' title='bbox 872 2215 1012 2274; x_wconf 90' lang='lat' dir='ltr'><strong>Cbristus.</strong></span> <span class='ocrx_word' id='word_1_266' title='bbox 1027 2221 1064 2276; x_wconf 84' lang='lat' dir='ltr'><strong>Et</strong></span> <span class='ocrx_word' id='word_1_267' title='bbox 1081 2219 1155 2275; x_wconf 88' lang='lat' dir='ltr'><strong>sedet</strong></span> <span class='ocrx_word' id='word_1_268' title='bbox 1169 2237 1186 2276; x_wconf 87' lang='lat' dir='ltr'><strong>a</strong></span> <span class='ocrx_word' id='word_1_269' title='bbox 1199 2223 1311 2280; x_wconf 74' lang='lat' dir='ltr'><strong>deutris</strong></span> <span class='ocrx_word' id='word_1_270' title='bbox 1329 2225 1389 2290; x_wconf 83' lang='lat' dir='ltr'><strong>Dei,</strong></span> <span class='ocrx_word' id='word_1_271' title='bbox 1403 2233 1450 2276; x_wconf 89' lang='lat' dir='ltr'><strong>uon</strong></span> 
     </span>
     <span class='ocr_line' id='line_1_27' title="bbox 229 2287 1450 2366; baseline -0.001 -19"><span class='ocrx_word' id='word_1_272' title='bbox 229 2289 377 2360; x_wconf 86' lang='lat' dir='ltr'><strong>babemus,</strong></span> <span class='ocrx_word' id='word_1_273' title='bbox 392 2289 440 2362; x_wconf 96' lang='lat' dir='ltr'><strong>qui</strong></span> <span class='ocrx_word' id='word_1_274' title='bbox 455 2306 506 2362; x_wconf 91' lang='lat' dir='ltr'><strong>pro</strong></span> <span class='ocrx_word' id='word_1_275' title='bbox 521 2288 566 2346; x_wconf 90' lang='lat' dir='ltr'><strong>his</strong></span> <span class='ocrx_word' id='word_1_276' title='bbox 581 2288 751 2361; x_wconf 86' lang='lat' dir='ltr'><strong>accipiendis</strong></span> <span class='ocrx_word' id='word_1_277' title='bbox 765 2305 816 2346; x_wconf 87' lang='lat' dir='ltr'><strong>se·</strong></span> <span class='ocrx_word' id='word_1_278' title='bbox 872 2287 948 2358; x_wconf 93' lang='lat' dir='ltr'><strong>quod</strong></span> <span class='ocrx_word' id='word_1_279' title='bbox 965 2287 1055 2346; x_wconf 88' lang='lat' dir='ltr'><strong>sessio</strong></span> <span class='ocrx_word' id='word_1_280' title='bbox 1070 2290 1120 2347; x_wconf 87' lang='lat' dir='ltr'><strong>Dei</strong></span> <span class='ocrx_word' id='word_1_281' title='bbox 1135 2290 1316 2365; x_wconf 80' lang='lat' dir='ltr'><strong>intelligatur</strong></span> <span class='ocrx_word' id='word_1_282' title='bbox 1330 2305 1450 2366; x_wconf 86' lang='lat' dir='ltr'><strong>corpora·</strong></span> 
     </span>
     <span class='ocr_line' id='line_1_28' title="bbox 231 2358 1449 2447; baseline -0.001 -31"><span class='ocrx_word' id='word_1_283' title='bbox 231 2359 815 2434; x_wconf 87' lang='lat' dir='ltr'><strong>dulosupplicarepraecipimur;ctomnes</strong></span> <span class='ocrx_word' id='word_1_284' title='bbox 840 2410 842 2447; x_wconf 64' lang='grc' dir='ltr'>Ι</span> <span class='ocrx_word' id='word_1_285' title='bbox 872 2358 948 2428; x_wconf 90' lang='lat' dir='ltr'><strong>liter,</strong></span> <span class='ocrx_word' id='word_1_286' title='bbox 964 2363 996 2416; x_wconf 93' lang='lat' dir='ltr'><strong>ut</strong></span> <span class='ocrx_word' id='word_1_287' title='bbox 1010 2361 1136 2418; x_wconf 87' lang='lat' dir='ltr'><strong>Christus</strong></span> <span class='ocrx_word' id='word_1_288' title='bbox 1149 2363 1234 2420; x_wconf 90' lang='lat' dir='ltr'><strong>homo</strong></span> <span class='ocrx_word' id='word_1_289' title='bbox 1251 2367 1352 2424; x_wconf 88' lang='lat' dir='ltr'><strong>sedeat</strong></span> <span class='ocrx_word' id='word_1_290' title='bbox 1363 2381 1380 2421; x_wconf 88' lang='lat' dir='ltr'><strong>a</strong></span> <span class='ocrx_word' id='word_1_291' title='bbox 1393 2364 1449 2418; x_wconf 82' lang='lat' dir='ltr'><strong>dcx·</strong></span> 
     </span>
     <span class='ocr_line' id='line_1_29' title="bbox 227 2429 1449 2515; baseline -0.002 -27"><span class='ocrx_word' id='word_1_292' title='bbox 227 2431 263 2488; x_wconf 90' lang='lat' dir='ltr'><strong>ad</strong></span> <span class='ocrx_word' id='word_1_293' title='bbox 289 2433 467 2489; x_wconf 87' lang='lat' dir='ltr'><strong>adoraudum</strong></span> <span class='ocrx_word' id='word_1_294' title='bbox 493 2433 707 2514; x_wconf 74' lang='lat' dir='ltr'><strong>conueniamus²</strong></span> <span class='ocrx_word' id='word_1_295' title='bbox 732 2439 760 2486; x_wconf 91' lang='lat' dir='ltr'><strong>et</strong></span> <span class='ocrx_word' id='word_1_296' title='bbox 784 2431 814 2488; x_wconf 92' lang='lat' dir='ltr'><strong>in</strong></span> <span class='ocrx_word' id='word_1_297' title='bbox 839 2460 842 2515; x_wconf 53' lang='lat' dir='ltr'><strong>y</strong></span> <span class='ocrx_word' id='word_1_298' title='bbox 871 2429 923 2486; x_wconf 86' lang='lat' dir='ltr'><strong>tris</strong></span> <span class='ocrx_word' id='word_1_299' title='bbox 943 2435 971 2487; x_wconf 86' lang='lat' dir='ltr'><strong>et</strong></span> <span class='ocrx_word' id='word_1_300' title='bbox 989 2433 1073 2488; x_wconf 87' lang='lat' dir='ltr'><strong>Pater</strong></span> <span class='ocrx_word' id='word_1_301' title='bbox 1091 2449 1108 2490; x_wconf 93' lang='lat' dir='ltr'><strong>a</strong></span> <span class='ocrx_word' id='word_1_302' title='bbox 1126 2433 1266 2506; x_wconf 87' lang='lat' dir='ltr'><strong>sinistris;</strong></span> <span class='ocrx_word' id='word_1_303' title='bbox 1289 2438 1343 2494; x_wconf 90' lang='lat' dir='ltr'><strong>sed</strong></span> <span class='ocrx_word' id='word_1_304' title='bbox 1358 2434 1449 2492; x_wconf 89' lang='lat' dir='ltr'><strong>dicitur</strong></span> 
     </span>
     <span class='ocr_line' id='line_1_30' title="bbox 227 2501 1436 2580; baseline 0.002 -22"><span class='ocrx_word' id='word_1_305' title='bbox 227 2501 356 2559; x_wconf 88' lang='lat' dir='ltr'><strong>oratione</strong></span> <span class='ocrx_word' id='word_1_306' title='bbox 389 2502 564 2569; x_wconf 88' lang='lat' dir='ltr'><strong>ersistamus,</strong></span> <span class='ocrx_word' id='word_1_307' title='bbox 579 2509 607 2558; x_wconf 93' lang='lat' dir='ltr'><strong>et</strong></span> <span class='ocrx_word' id='word_1_308' title='bbox 620 2501 748 2558; x_wconf 78' lang='lat' dir='ltr'><strong>unanimi</strong></span> <span class='ocrx_word' id='word_1_309' title='bbox 762 2503 814 2558; x_wconf 88' lang='lat' dir='ltr'><strong>Do·</strong></span> <span class='ocrx_word' id='word_1_310' title='bbox 839 2520 841 2571; x_wconf 65' lang='lat' dir='ltr'><strong>y</strong></span> <span class='ocrx_word' id='word_1_311' title='bbox 870 2501 981 2570; x_wconf 84' lang='lat' dir='ltr'><strong>sedere,</strong></span> <span class='ocrx_word' id='word_1_312' title='bbox 1000 2511 1115 2576; x_wconf 90' lang='lat' dir='ltr'><strong>propter</strong></span> <span class='ocrx_word' id='word_1_313' title='bbox 1131 2505 1314 2578; x_wconf 84' lang='lat' dir='ltr'><strong>judiciariam</strong></span> <span class='ocrx_word' id='word_1_314' title='bbox 1335 2509 1436 2580; x_wconf 82' lang='lat' dir='ltr'><strong>potesta</strong></span> 
     </span>
     <span class='ocr_line' id='line_1_31' title="bbox 228 2519 1445 2652; baseline 0 -24"><span class='ocrx_word' id='word_1_315' title='bbox 228 2573 338 2632; x_wconf 81' lang='lat' dir='ltr'><strong>millum</strong></span> <span class='ocrx_word' id='word_1_316' title='bbox 363 2519 512 2628; x_wconf 52' lang='lat' dir='ltr'><strong>devotione</strong></span> <span class='ocrx_word' id='word_1_317' title='bbox 537 2571 735 2643; x_wconf 84' lang='lat' dir='ltr'><strong>praedicemus.</strong></span> <span class='ocrx_word' id='word_1_318' title='bbox 757 2575 813 2630; x_wconf 83' lang='lat' dir='ltr'><strong>Nec</strong></span> <span class='ocrx_word' id='word_1_319' title='bbox 838 2586 840 2641; x_wconf 66' lang='lat' dir='ltr'><strong>q</strong></span> <span class='ocrx_word' id='word_1_320' title='bbox 868 2577 1445 2652; x_wconf 81' lang='lat' dir='ltr'><strong>temquamaPatreaccepit,quiasedero</strong></span> 
     </span>
    </p>
   </div>
   <div class='ocr_carea' id='block_1_10' title="bbox 228 2641 1522 2716">
    <p class='ocr_par' dir='ltr' id='par_1_11' title="bbox 228 2641 1522 2716">
     <span class='ocr_line' id='line_1_32' title="bbox 228 2641 1522 2716; baseline 0.002 -18"><span class='ocrx_word' id='word_1_321' title='bbox 228 2643 412 2700; x_wconf 88' lang='lat' dir='ltr'><strong>dubitandum</strong></span> <span class='ocrx_word' id='word_1_322' title='bbox 429 2647 482 2708; x_wconf 90' lang='lat' dir='ltr'><strong>est,</strong></span> <span class='ocrx_word' id='word_1_323' title='bbox 497 2642 572 2713; x_wconf 93' lang='lat' dir='ltr'><strong>quod</strong></span> <span class='ocrx_word' id='word_1_324' title='bbox 584 2641 624 2698; x_wconf 91' lang='lat' dir='ltr'><strong>sic</strong></span> <span class='ocrx_word' id='word_1_325' title='bbox 637 2643 719 2699; x_wconf 89' lang='lat' dir='ltr'><strong>nobis</strong></span> <span class='ocrx_word' id='word_1_326' title='bbox 731 2659 813 2700; x_wconf 90' lang='lat' dir='ltr'><strong>oran·</strong></span> <span class='ocrx_word' id='word_1_327' title='bbox 838 2644 840 2675; x_wconf 72' lang='lat'>¹</span> <span class='ocrx_word' id='word_1_328' title='bbox 866 2643 1023 2716; x_wconf 85' lang='lat' dir='ltr'><strong>judicantis</strong></span> <span class='ocrx_word' id='word_1_329' title='bbox 1042 2653 1092 2704; x_wconf 90' lang='lat' dir='ltr'><strong>est.</strong></span> <span class='ocrx_word' id='word_1_330' title='bbox 1110 2648 1215 2706; x_wconf 90' lang='lat' dir='ltr'><strong>Sedere</strong></span> <span class='ocrx_word' id='word_1_331' title='bbox 1231 2659 1331 2708; x_wconf 88' lang='lat' dir='ltr'><strong>autem</strong></span> <span class='ocrx_word' id='word_1_332' title='bbox 1350 2667 1367 2706; x_wconf 85' lang='lat' dir='ltr'><strong>a</strong></span> <span class='ocrx_word' id='word_1_333' title='bbox 1387 2649 1445 2704; x_wconf 86' lang='lat' dir='ltr'><strong>dex·</strong></span> <span class='ocrx_word' id='word_1_334' title='bbox 1521 2663 1522 2666; x_wconf 44' lang='lat'>¹</span> 
     </span>
    </p>
   </div>
   <div class='ocr_carea' id='block_1_11' title="bbox 226 2712 1443 2788">
    <p class='ocr_par' dir='ltr' id='par_1_12' title="bbox 226 2712 1443 2788">
     <span class='ocr_line' id='line_1_33' title="bbox 226 2712 1443 2788; baseline 0.003 -18"><span class='ocrx_word' id='word_1_335' title='bbox 226 2715 303 2772; x_wconf 88' lang='lat' dir='ltr'><strong>tibus</strong></span> <span class='ocrx_word' id='word_1_336' title='bbox 316 2713 381 2788; x_wconf 92' lang='lat' dir='ltr'><strong>pius</strong></span> <span class='ocrx_word' id='word_1_337' title='bbox 400 2712 537 2771; x_wconf 88' lang='lat' dir='ltr'><strong>Conditor</strong></span> <span class='ocrx_word' id='word_1_338' title='bbox 551 2713 679 2770; x_wconf 89' lang='lat' dir='ltr'><strong>auditum</strong></span> <span class='ocrx_word' id='word_1_339' title='bbox 694 2729 812 2770; x_wconf 89' lang='lat' dir='ltr'><strong>accom-</strong></span> <span class='ocrx_word' id='word_1_340' title='bbox 837 2714 839 2775; x_wconf 69' lang='grc' dir='ltr'><strong><em>ὲ</em></strong></span> <span class='ocrx_word' id='word_1_341' title='bbox 864 2714 925 2778; x_wconf 90' lang='lat' dir='ltr'><strong>tris,</strong></span> <span class='ocrx_word' id='word_1_342' title='bbox 936 2715 960 2772; x_wconf 92' lang='lat' dir='ltr'><strong>si</strong></span> <span class='ocrx_word' id='word_1_343' title='bbox 975 2717 1117 2775; x_wconf 80' lang='lat' dir='ltr'><strong>reseratur</strong></span> <span class='ocrx_word' id='word_1_344' title='bbox 1131 2722 1166 2776; x_wconf 91' lang='lat' dir='ltr'><strong>ad</strong></span> <span class='ocrx_word' id='word_1_345' title='bbox 1182 2721 1327 2780; x_wconf 86' lang='lat' dir='ltr'><strong>Christum</strong></span> <span class='ocrx_word' id='word_1_346' title='bbox 1344 2718 1443 2778; x_wconf 72' lang='lat' dir='ltr'><strong>monuo</strong></span> 
     </span>
    </p>
   </div>
   <div class='ocr_carea' id='block_1_12' title="bbox 226 2785 1522 2864">
    <p class='ocr_par' dir='ltr' id='par_1_13' title="bbox 226 2785 1522 2864">
     <span class='ocr_line' id='line_1_34' title="bbox 226 2785 1522 2864; baseline 0.004 -22"><span class='ocrx_word' id='word_1_347' title='bbox 226 2785 810 2858; x_wconf 76' lang='lat' dir='ltr'><strong>rrrodnre‚otSpiritussuigratiamuostris</strong></span> <span class='ocrx_word' id='word_1_348' title='bbox 836 2796 839 2850; x_wconf 77' lang='lat' dir='ltr'><strong>t</strong></span> <span class='ocrx_word' id='word_1_349' title='bbox 866 2786 1100 2856; x_wconf 81' lang='lat' dir='ltr'><strong>deitatis,sicista</strong></span> <span class='ocrx_word' id='word_1_350' title='bbox 1111 2790 1199 2848; x_wconf 79' lang='lat' dir='ltr'><strong>sessio</strong></span> <span class='ocrx_word' id='word_1_351' title='bbox 1214 2797 1350 2864; x_wconf 85' lang='lat' dir='ltr'><strong>importat</strong></span> <span class='ocrx_word' id='word_1_352' title='bbox 1360 2805 1443 2861; x_wconf 76' lang='lat' dir='ltr'><strong>aequa·</strong></span> <span class='ocrx_word' id='word_1_353' title='bbox 1521 2799 1522 2830; x_wconf 53' lang='lat' dir='ltr'><strong>l</strong></span> 
     </span>
    </p>
   </div>
   <div class='ocr_carea' id='block_1_13' title="bbox 223 2856 1443 3218">
    <p class='ocr_par' dir='ltr' id='par_1_14' title="bbox 223 2856 1443 3218">
     <span class='ocr_line' id='line_1_35' title="bbox 225 2856 1443 2934; baseline 0.001 -19"><span class='ocrx_word' id='word_1_354' title='bbox 225 2875 337 2932; x_wconf 90' lang='lat' dir='ltr'><strong>quoque</strong></span> <span class='ocrx_word' id='word_1_355' title='bbox 355 2857 488 2916; x_wconf 87' lang='lat' dir='ltr'><strong>cordibus</strong></span> <span class='ocrx_word' id='word_1_356' title='bbox 509 2857 657 2914; x_wconf 79' lang='lat' dir='ltr'><strong>infundere</strong></span> <span class='ocrx_word' id='word_1_357' title='bbox 677 2856 809 2928; x_wconf 83' lang='lat' dir='ltr'><strong>dignabi-</strong></span> <span class='ocrx_word' id='word_1_358' title='bbox 836 2868 838 2877; x_wconf 67' lang='lat'><strong>¹</strong></span> <span class='ocrx_word' id='word_1_359' title='bbox 864 2856 972 2915; x_wconf 87' lang='lat' dir='ltr'><strong>litatem</strong></span> <span class='ocrx_word' id='word_1_360' title='bbox 993 2875 1058 2916; x_wconf 89' lang='lat' dir='ltr'><strong>cum</strong></span> <span class='ocrx_word' id='word_1_361' title='bbox 1083 2862 1178 2930; x_wconf 85' lang='lat' dir='ltr'><strong>Patre,</strong></span> <span class='ocrx_word' id='word_1_362' title='bbox 1203 2864 1271 2934; x_wconf 92' lang='lat' dir='ltr'><strong>quia</strong></span> <span class='ocrx_word' id='word_1_363' title='bbox 1296 2863 1443 2934; x_wconf 79' lang='lat' dir='ltr'><strong>conregnat</strong></span> 
     </span>
     <span class='ocr_line' id='line_1_36' title="bbox 226 2929 1439 3006; baseline 0.001 -21"><span class='ocrx_word' id='word_1_364' title='bbox 226 2931 365 3003; x_wconf 91' lang='lat' dir='ltr'><strong>tur,quod</strong></span> <span class='ocrx_word' id='word_1_365' title='bbox 375 2929 717 3002; x_wconf 83' lang='lat' dir='ltr'><strong>nostrosquoquebeatos</strong></span> <span class='ocrx_word' id='word_1_366' title='bbox 727 2929 810 2988; x_wconf 81' lang='lat' dir='ltr'><strong>laniet</strong></span> <span class='ocrx_word' id='word_1_367' title='bbox 835 2945 837 2972; x_wconf 88' lang='lat'><em>=</em></span> <span class='ocrx_word' id='word_1_368' title='bbox 863 2930 939 2986; x_wconf 88' lang='lat' dir='ltr'><strong>Patri</strong></span> <span class='ocrx_word' id='word_1_369' title='bbox 953 2929 981 2986; x_wconf 90' lang='lat' dir='ltr'><strong>in</strong></span> <span class='ocrx_word' id='word_1_370' title='bbox 996 2933 1159 3002; x_wconf 71' lang='lat' dir='ltr'><strong>equalitate</strong></span> <span class='ocrx_word' id='word_1_371' title='bbox 1175 2935 1334 3006; x_wconf 83' lang='lat' dir='ltr'><strong>majestatis</strong></span> <span class='ocrx_word' id='word_1_372' title='bbox 1348 2947 1439 2992; x_wconf 91' lang='lat' dir='ltr'><strong>secun-</strong></span> 
     </span>
     <span class='ocr_line' id='line_1_37' title="bbox 224 2988 1439 3078; baseline -0.001 -21"><span class='ocrx_word' id='word_1_373' title='bbox 224 3002 392 3072; x_wconf 91' lang='lat' dir='ltr'><strong>oculos,etsi</strong></span> <span class='ocrx_word' id='word_1_374' title='bbox 407 3019 464 3058; x_wconf 91' lang='lat' dir='ltr'><strong>non</strong></span> <span class='ocrx_word' id='word_1_375' title='bbox 475 3007 507 3058; x_wconf 93' lang='lat' dir='ltr'><strong>ut</strong></span> <span class='ocrx_word' id='word_1_376' title='bbox 516 2999 590 3058; x_wconf 91' lang='lat' dir='ltr'><strong>oculi</strong></span> <span class='ocrx_word' id='word_1_377' title='bbox 598 3000 808 3072; x_wconf 80' lang='lat' dir='ltr'><strong>Apostolorum,</strong></span> <span class='ocrx_word' id='word_1_378' title='bbox 834 2988 837 3067; x_wconf 65' lang='lat' dir='ltr'>s</span> <span class='ocrx_word' id='word_1_379' title='bbox 862 2999 929 3058; x_wconf 93' lang='lat' dir='ltr'><strong>dum</strong></span> <span class='ocrx_word' id='word_1_380' title='bbox 939 3001 1251 3066; x_wconf 87' lang='lat' dir='ltr'><strong>deitatem&#39;,secundum</strong></span> <span class='ocrx_word' id='word_1_381' title='bbox 1263 3023 1350 3078; x_wconf 90' lang='lat' dir='ltr'><strong>quam</strong></span> <span class='ocrx_word' id='word_1_382' title='bbox 1363 3005 1439 3064; x_wconf 83' lang='lat' dir='ltr'><strong>Filius</strong></span> 
     </span>
     <span class='ocr_line' id='line_1_38' title="bbox 223 3071 1441 3155; baseline -0.001 -26"><span class='ocrx_word' id='word_1_383' title='bbox 223 3073 271 3146; x_wconf 90' lang='lat' dir='ltr'><strong>qul</strong></span> <span class='ocrx_word' id='word_1_384' title='bbox 292 3077 517 3131; x_wconf 88' lang='lat' dir='ltr'><strong>commorantem</strong></span> <span class='ocrx_word' id='word_1_385' title='bbox 535 3071 566 3128; x_wconf 92' lang='lat' dir='ltr'><strong>in</strong></span> <span class='ocrx_word' id='word_1_386' title='bbox 588 3072 696 3128; x_wconf 91' lang='lat' dir='ltr'><strong>mundo</strong></span> <span class='ocrx_word' id='word_1_387' title='bbox 712 3071 808 3129; x_wconf 87' lang='lat' dir='ltr'><strong>Domi·</strong></span> <span class='ocrx_word' id='word_1_388' title='bbox 834 3090 836 3155; x_wconf 52' lang='grc' dir='ltr'><strong>ᾗ</strong></span> <span class='ocrx_word' id='word_1_389' title='bbox 862 3077 904 3128; x_wconf 87' lang='lat' dir='ltr'><strong>est</strong></span> <span class='ocrx_word' id='word_1_390' title='bbox 918 3073 994 3129; x_wconf 86' lang='lat' dir='ltr'><strong>Patri</strong></span> <span class='ocrx_word' id='word_1_391' title='bbox 1010 3074 1138 3145; x_wconf 78' lang='lat' dir='ltr'><strong>aequalis.</strong></span> <span class='ocrx_word' id='word_1_392' title='bbox 1154 3076 1182 3133; x_wconf 89' lang='lat' dir='ltr'><strong>Si</strong></span> <span class='ocrx_word' id='word_1_393' title='bbox 1196 3082 1292 3136; x_wconf 89' lang='lat' dir='ltr'><strong>autem</strong></span> <span class='ocrx_word' id='word_1_394' title='bbox 1309 3079 1441 3137; x_wconf 84' lang='lat' dir='ltr'><strong>reseratur</strong></span> 
     </span>
     <span class='ocr_line' id='line_1_39' title="bbox 223 3142 1438 3218; baseline 0.001 -16"><span class='ocrx_word' id='word_1_395' title='bbox 223 3142 808 3218; x_wconf 88' lang='lat' dir='ltr'><strong>num,quidocentemetmiraculalacien·</strong></span> <span class='ocrx_word' id='word_1_396' title='bbox 834 3175 836 3195; x_wconf 78' lang='grc'><em>.</em></span> <span class='ocrx_word' id='word_1_397' title='bbox 861 3143 897 3200; x_wconf 86' lang='lat' dir='ltr'><strong>ad</strong></span> <span class='ocrx_word' id='word_1_398' title='bbox 908 3143 1050 3202; x_wconf 85' lang='lat' dir='ltr'><strong>Christum</strong></span> <span class='ocrx_word' id='word_1_399' title='bbox 1063 3146 1175 3204; x_wconf 87' lang='lat' dir='ltr'><strong>ratione</strong></span> <span class='ocrx_word' id='word_1_400' title='bbox 1185 3149 1381 3216; x_wconf 84' lang='lat' dir='ltr'><strong>humanitatis,</strong></span> <span class='ocrx_word' id='word_1_401' title='bbox 1392 3149 1438 3203; x_wconf 84' lang='lat' dir='ltr'><strong>hoc</strong></span> 
     </span>
    </p>
   </div>
   <div class='ocr_carea' id='block_1_14' title="bbox 223 3204 1438 3290">
    <p class='ocr_par' dir='ltr' id='par_1_15' title="bbox 223 3204 1438 3290">
     <span class='ocr_line' id='line_1_40' title="bbox 223 3204 1438 3290; baseline -0.002 -16"><span class='ocrx_word' id='word_1_402' title='bbox 223 3224 290 3286; x_wconf 90' lang='lat' dir='ltr'><strong>tem,</strong></span> <span class='ocrx_word' id='word_1_403' title='bbox 306 3217 354 3289; x_wconf 94' lang='lat' dir='ltr'><strong>qui</strong></span> <span class='ocrx_word' id='word_1_404' title='bbox 371 3222 434 3290; x_wconf 84' lang='lat' dir='ltr'><strong>post</strong></span> <span class='ocrx_word' id='word_1_405' title='bbox 449 3213 627 3286; x_wconf 86' lang='lat' dir='ltr'><strong>triumphum</strong></span> <span class='ocrx_word' id='word_1_406' title='bbox 645 3215 746 3271; x_wconf 92' lang='lat' dir='ltr'><strong>mortis</strong></span> <span class='ocrx_word' id='word_1_407' title='bbox 762 3231 807 3273; x_wconf 90' lang='lat' dir='ltr'><strong>re·</strong></span> <span class='ocrx_word' id='word_1_408' title='bbox 833 3204 836 3283; x_wconf 65' lang='lat' dir='ltr'>f</span> <span class='ocrx_word' id='word_1_409' title='bbox 860 3221 1033 3286; x_wconf 87' lang='lat' dir='ltr'><strong>potestesse</strong></span> <span class='ocrx_word' id='word_1_410' title='bbox 1050 3217 1200 3289; x_wconf 91' lang='lat' dir='ltr'><strong>dupliciter</strong></span> <span class='ocrx_word' id='word_1_411' title='bbox 1217 3243 1223 3278; x_wconf 92' lang='lat'><strong>:</strong></span> <span class='ocrx_word' id='word_1_412' title='bbox 1241 3237 1297 3278; x_wconf 92' lang='lat' dir='ltr'><strong>uno</strong></span> <span class='ocrx_word' id='word_1_413' title='bbox 1311 3215 1438 3289; x_wconf 91' lang='lat' dir='ltr'><strong>modo,iu</strong></span> 
     </span>
    </p>
   </div>
   <div class='ocr_carea' id='block_1_15' title="bbox 222 3287 1522 3382">
    <p class='ocr_par' dir='ltr' id='par_1_16' title="bbox 222 3287 1522 3382">
     <span class='ocr_line' id='line_1_41' title="bbox 222 3287 1522 3382; baseline -0.001 -37"><span class='ocrx_word' id='word_1_414' title='bbox 222 3287 481 3360; x_wconf 86' lang='lat' dir='ltr'><strong>surrexisse,atque</strong></span> <span class='ocrx_word' id='word_1_415' title='bbox 493 3287 625 3344; x_wconf 84' lang='lat' dir='ltr'><strong>adcoelos</strong></span> <span class='ocrx_word' id='word_1_416' title='bbox 639 3287 807 3344; x_wconf 87' lang='lat' dir='ltr'><strong>redeuntem</strong></span> <span class='ocrx_word' id='word_1_417' title='bbox 833 3327 835 3382; x_wconf 23' lang='grc' dir='ltr'>γ</span> <span class='ocrx_word' id='word_1_418' title='bbox 861 3291 1000 3358; x_wconf 92' lang='lat' dir='ltr'><strong>quantum</strong></span> <span class='ocrx_word' id='word_1_419' title='bbox 1013 3289 1435 3366; x_wconf 83' lang='lat' dir='ltr'><strong>estuniraactualiteripsiueo,</strong></span> <span class='ocrx_word' id='word_1_420' title='bbox 1521 3314 1522 3318; x_wconf 65' lang='lat'><strong>,</strong></span> 
     </span>
    </p>
   </div>
   <div class='ocr_carea' id='block_1_16' title="bbox 214 3358 1436 4434">
    <p class='ocr_par' dir='ltr' id='par_1_17' title="bbox 215 3358 1436 4221">
     <span class='ocr_line' id='line_1_42' title="bbox 226 3358 1436 3438; baseline 0.002 -24"><span class='ocrx_word' id='word_1_421' title='bbox 226 3361 322 3420; x_wconf 87' lang='lat' dir='ltr'><strong>videre</strong></span> <span class='ocrx_word' id='word_1_422' title='bbox 335 3365 511 3428; x_wconf 90' lang='lat' dir='ltr'><strong>meruerunt,</strong></span> <span class='ocrx_word' id='word_1_423' title='bbox 521 3363 597 3415; x_wconf 87' lang='lat' dir='ltr'><strong>certe</strong></span> <span class='ocrx_word' id='word_1_424' title='bbox 610 3362 640 3414; x_wconf 92' lang='lat' dir='ltr'><strong>ut</strong></span> <span class='ocrx_word' id='word_1_425' title='bbox 654 3359 808 3426; x_wconf 85' lang='lat' dir='ltr'><strong>eorum,de</strong></span> <span class='ocrx_word' id='word_1_426' title='bbox 859 3363 888 3414; x_wconf 89' lang='lat' dir='ltr'><strong>et</strong></span> <span class='ocrx_word' id='word_1_427' title='bbox 907 3359 948 3415; x_wconf 87' lang='lat' dir='ltr'><strong>sic</strong></span> <span class='ocrx_word' id='word_1_428' title='bbox 966 3358 1021 3416; x_wconf 90' lang='lat' dir='ltr'><strong>ista</strong></span> <span class='ocrx_word' id='word_1_429' title='bbox 1037 3360 1126 3418; x_wconf 88' lang='lat' dir='ltr'><strong>sessio</strong></span> <span class='ocrx_word' id='word_1_430' title='bbox 1141 3360 1276 3434; x_wconf 87' lang='lat' dir='ltr'><strong>importat</strong></span> <span class='ocrx_word' id='word_1_431' title='bbox 1292 3362 1436 3438; x_wconf 84' lang='lat' dir='ltr'><strong>quamdam</strong></span> 
     </span>
     <span class='ocr_line' id='line_1_43' title="bbox 222 3427 1435 3508; baseline -0.002 -20"><span class='ocrx_word' id='word_1_432' title='bbox 222 3433 324 3504; x_wconf 87' lang='lat' dir='ltr'><strong>quibua</strong></span> <span class='ocrx_word' id='word_1_433' title='bbox 341 3433 456 3490; x_wconf 71' lang='lat' dir='ltr'><strong>Thomas</strong></span> <span class='ocrx_word' id='word_1_434' title='bbox 474 3429 609 3501; x_wconf 79' lang='lat' dir='ltr'><strong>apostolo</strong></span> <span class='ocrx_word' id='word_1_435' title='bbox 626 3427 716 3484; x_wconf 91' lang='lat' dir='ltr'><strong>dixit:</strong></span> <span class='ocrx_word' id='word_1_436' title='bbox 735 3430 807 3496; x_wconf 84' lang='lat' dir='ltr'><strong>Ouio</strong></span> <span class='ocrx_word' id='word_1_437' title='bbox 859 3429 1078 3488; x_wconf 87' lang='lat' dir='ltr'><strong>associationem</strong></span> <span class='ocrx_word' id='word_1_438' title='bbox 1101 3432 1229 3498; x_wconf 89' lang='lat' dir='ltr'><strong>honoris,</strong></span> <span class='ocrx_word' id='word_1_439' title='bbox 1255 3436 1323 3508; x_wconf 91' lang='lat' dir='ltr'><strong>quia</strong></span> <span class='ocrx_word' id='word_1_440' title='bbox 1345 3435 1435 3494; x_wconf 78' lang='lat' dir='ltr'><strong>eadem</strong></span> 
     </span>
     <span class='ocr_line' id='line_1_44' title="bbox 220 3500 1434 3570; baseline -0.001 -11"><span class='ocrx_word' id='word_1_441' title='bbox 220 3506 319 3561; x_wconf 81' lang='lat' dir='ltr'><strong>uidisti</strong></span> <span class='ocrx_word' id='word_1_442' title='bbox 336 3519 387 3568; x_wconf 85' lang='lat' dir='ltr'><strong>mc,</strong></span> <span class='ocrx_word' id='word_1_443' title='bbox 410 3505 522 3566; x_wconf 77' lang='lat' dir='ltr'><strong>Thomu,</strong></span> <span class='ocrx_word' id='word_1_444' title='bbox 542 3500 705 3566; x_wconf 67' lang='lat' dir='ltr'><strong>credidistie</strong></span> <span class='ocrx_word' id='word_1_445' title='bbox 735 3501 807 3556; x_wconf 86' lang='lat' dir='ltr'><strong>beati</strong></span> <span class='ocrx_word' id='word_1_446' title='bbox 860 3501 1044 3560; x_wconf 80' lang='lat' dir='ltr'><strong>veneratione</strong></span> <span class='ocrx_word' id='word_1_447' title='bbox 1060 3509 1214 3561; x_wconf 80' lang='lat' dir='ltr'><strong>veneratur</strong></span> <span class='ocrx_word' id='word_1_448' title='bbox 1228 3507 1397 3570; x_wconf 65' lang='lat' dir='ltr'><strong>humanitas,</strong></span> <span class='ocrx_word' id='word_1_449' title='bbox 1410 3502 1434 3558; x_wconf 90' lang='lat' dir='ltr'><strong>iu</strong></span> 
     </span>
     <span class='ocr_line' id='line_1_45' title="bbox 221 3571 1434 3665; baseline -0.003 -33"><span class='ocrx_word' id='word_1_450' title='bbox 221 3577 271 3646; x_wconf 84' lang='lat' dir='ltr'><strong>qui</strong></span> <span class='ocrx_word' id='word_1_451' title='bbox 282 3593 336 3632; x_wconf 82' lang='lat' dir='ltr'><strong>uon</strong></span> <span class='ocrx_word' id='word_1_452' title='bbox 351 3576 480 3631; x_wconf 84' lang='lat' dir='ltr'><strong>uiderunt</strong></span> <span class='ocrx_word' id='word_1_453' title='bbox 494 3578 520 3628; x_wconf 88' lang='lat' dir='ltr'><strong>et</strong></span> <span class='ocrx_word' id='word_1_454' title='bbox 534 3571 718 3628; x_wconf 73' lang='lat' dir='ltr'><strong>credideram.</strong></span> <span class='ocrx_word' id='word_1_455' title='bbox 734 3573 805 3628; x_wconf 90' lang='lat' dir='ltr'><strong>Cun·</strong></span> <span class='ocrx_word' id='word_1_456' title='bbox 831 3608 833 3665; x_wconf 44' lang='lat' dir='ltr'><strong><em>J</em></strong></span> <span class='ocrx_word' id='word_1_457' title='bbox 859 3577 996 3643; x_wconf 91' lang='lat' dir='ltr'><strong>quantum</strong></span> <span class='ocrx_word' id='word_1_458' title='bbox 1011 3573 1094 3632; x_wconf 90' lang='lat' dir='ltr'><strong>unita</strong></span> <span class='ocrx_word' id='word_1_459' title='bbox 1108 3577 1201 3632; x_wconf 87' lang='lat' dir='ltr'><strong>Verbo</strong></span> <span class='ocrx_word' id='word_1_460' title='bbox 1212 3579 1434 3651; x_wconf 81' lang='lat' dir='ltr'><strong>cumipsadoita·</strong></span> 
     </span>
     <span class='ocr_line' id='line_1_46' title="bbox 220 3641 1432 3731; baseline 0.008 -30"><span class='ocrx_word' id='word_1_461' title='bbox 220 3645 273 3702; x_wconf 89' lang='lat' dir='ltr'><strong>ctis</strong></span> <span class='ocrx_word' id='word_1_462' title='bbox 287 3646 393 3704; x_wconf 87' lang='lat' dir='ltr'><strong>etenim</strong></span> <span class='ocrx_word' id='word_1_463' title='bbox 409 3642 674 3706; x_wconf 75' lang='lat' dir='ltr'><strong>credentibusslre</strong></span> <span class='ocrx_word' id='word_1_464' title='bbox 688 3641 804 3714; x_wconf 92' lang='lat' dir='ltr'><strong>illisqui</strong></span> <span class='ocrx_word' id='word_1_465' title='bbox 830 3684 832 3731; x_wconf 58' lang='grc'>1</span> <span class='ocrx_word' id='word_1_466' title='bbox 859 3647 896 3712; x_wconf 83' lang='lat' dir='ltr'><strong>tc,</strong></span> <span class='ocrx_word' id='word_1_467' title='bbox 913 3643 986 3700; x_wconf 90' lang='lat' dir='ltr'><strong>sicut</strong></span> <span class='ocrx_word' id='word_1_468' title='bbox 999 3648 1085 3702; x_wconf 81' lang='lat' dir='ltr'><strong>vestis</strong></span> <span class='ocrx_word' id='word_1_469' title='bbox 1105 3647 1184 3720; x_wconf 75' lang='lat' dir='ltr'><strong>regia</strong></span> <span class='ocrx_word' id='word_1_470' title='bbox 1204 3665 1269 3706; x_wconf 89' lang='lat' dir='ltr'><strong>cum</strong></span> <span class='ocrx_word' id='word_1_471' title='bbox 1289 3651 1350 3722; x_wconf 88' lang='lat' dir='ltr'><strong>ipso</strong></span> <span class='ocrx_word' id='word_1_472' title='bbox 1365 3659 1432 3717; x_wconf 71' lang='lat' dir='ltr'><strong>rege·</strong></span> 
     </span>
     <span class='ocr_line' id='line_1_47' title="bbox 220 3715 1432 3796; baseline 0 -24"><span class='ocrx_word' id='word_1_473' title='bbox 220 3718 425 3776; x_wconf 88' lang='lat' dir='ltr'><strong>lucaruationis</strong></span> <span class='ocrx_word' id='word_1_474' title='bbox 440 3719 501 3790; x_wconf 86' lang='lat' dir='ltr'><strong>ejus</strong></span> <span class='ocrx_word' id='word_1_475' title='bbox 519 3723 648 3788; x_wconf 86' lang='lat' dir='ltr'><strong>tempora</strong></span> <span class='ocrx_word' id='word_1_476' title='bbox 661 3715 804 3796; x_wconf 81' lang='lat' dir='ltr'><strong>nascendo</strong></span> <span class='ocrx_word' id='word_1_477' title='bbox 830 3762 831 3771; x_wconf 69' lang='grc'>,</span> <span class='ocrx_word' id='word_1_478' title='bbox 858 3716 972 3786; x_wconf 91' lang='lat' dir='ltr'><strong>quando</strong></span> <span class='ocrx_word' id='word_1_479' title='bbox 988 3723 1032 3773; x_wconf 90' lang='lat' dir='ltr'><strong>est</strong></span> <span class='ocrx_word' id='word_1_480' title='bbox 1050 3733 1084 3774; x_wconf 90' lang='lat' dir='ltr'><strong>ea</strong></span> <span class='ocrx_word' id='word_1_481' title='bbox 1103 3719 1253 3777; x_wconf 88' lang='lat' dir='ltr'><strong>actualiter</strong></span> <span class='ocrx_word' id='word_1_482' title='bbox 1274 3720 1395 3786; x_wconf 81' lang='lat' dir='ltr'><strong>indutos,</strong></span> <span class='ocrx_word' id='word_1_483' title='bbox 1409 3719 1432 3772; x_wconf 91' lang='lat' dir='ltr'><strong>et</strong></span> 
     </span>
     <span class='ocr_line' id='line_1_48' title="bbox 222 3785 1432 3858; baseline -0.002 -16"><span class='ocrx_word' id='word_1_484' title='bbox 222 3797 439 3858; x_wconf 72' lang='lat' dir='ltr'><strong>precesserunt,</strong></span> <span class='ocrx_word' id='word_1_485' title='bbox 456 3789 514 3846; x_wconf 84' lang='lat' dir='ltr'><strong>sive</strong></span> <span class='ocrx_word' id='word_1_486' title='bbox 533 3789 578 3845; x_wconf 84' lang='lat' dir='ltr'><strong>lris</strong></span> <span class='ocrx_word' id='word_1_487' title='bbox 598 3785 645 3858; x_wconf 92' lang='lat' dir='ltr'><strong>qui</strong></span> <span class='ocrx_word' id='word_1_488' title='bbox 668 3803 697 3842; x_wconf 91' lang='lat' dir='ltr'><strong>1n</strong></span> <span class='ocrx_word' id='word_1_489' title='bbox 718 3802 805 3843; x_wconf 91' lang='lat' dir='ltr'><strong>carne</strong></span> <span class='ocrx_word' id='word_1_490' title='bbox 828 3833 830 3847; x_wconf 78' lang='lat'><strong>,</strong></span> <span class='ocrx_word' id='word_1_491' title='bbox 858 3785 898 3842; x_wconf 87' lang='lat' dir='ltr'><strong>sic</strong></span> <span class='ocrx_word' id='word_1_492' title='bbox 922 3787 1065 3846; x_wconf 89' lang='lat' dir='ltr'><strong>Christum</strong></span> <span class='ocrx_word' id='word_1_493' title='bbox 1090 3791 1118 3846; x_wconf 89' lang='lat' dir='ltr'><strong>ln</strong></span> <span class='ocrx_word' id='word_1_494' title='bbox 1142 3791 1257 3848; x_wconf 82' lang='lat' dir='ltr'><strong>dextera</strong></span> <span class='ocrx_word' id='word_1_495' title='bbox 1280 3793 1329 3849; x_wconf 86' lang='lat' dir='ltr'><strong>Dei</strong></span> <span class='ocrx_word' id='word_1_496' title='bbox 1351 3789 1432 3849; x_wconf 86' lang='lat' dir='ltr'><strong>Patris</strong></span> 
     </span>
     <span class='ocr_line' id='line_1_49' title="bbox 219 3855 1431 3949; baseline -0.002 -35"><span class='ocrx_word' id='word_1_497' title='bbox 219 3873 284 3914; x_wconf 89' lang='lat' dir='ltr'><strong>eum</strong></span> <span class='ocrx_word' id='word_1_498' title='bbox 312 3859 453 3930; x_wconf 83' lang='lat' dir='ltr'><strong>viderunt,</strong></span> <span class='ocrx_word' id='word_1_499' title='bbox 475 3862 534 3917; x_wconf 82' lang='lat' dir='ltr'><strong>sive</strong></span> <span class='ocrx_word' id='word_1_500' title='bbox 561 3857 642 3916; x_wconf 91' lang='lat' dir='ltr'><strong>nobis</strong></span> <span class='ocrx_word' id='word_1_501' title='bbox 667 3855 716 3929; x_wconf 95' lang='lat' dir='ltr'><strong>qui</strong></span> <span class='ocrx_word' id='word_1_502' title='bbox 740 3863 804 3930; x_wconf 91' lang='lat' dir='ltr'><strong>post</strong></span> <span class='ocrx_word' id='word_1_503' title='bbox 828 3871 830 3949; x_wconf 60' lang='lat' dir='ltr'><strong>y</strong></span> <span class='ocrx_word' id='word_1_504' title='bbox 857 3859 967 3922; x_wconf 81' lang='lat' dir='ltr'><strong>sedero,</strong></span> <span class='ocrx_word' id='word_1_505' title='bbox 994 3865 1037 3916; x_wconf 91' lang='lat' dir='ltr'><strong>est</strong></span> <span class='ocrx_word' id='word_1_506' title='bbox 1065 3861 1271 3920; x_wconf 79' lang='lat' dir='ltr'><strong>humanitatem</strong></span> <span class='ocrx_word' id='word_1_507' title='bbox 1295 3863 1324 3920; x_wconf 91' lang='lat' dir='ltr'><strong>ln</strong></span> <span class='ocrx_word' id='word_1_508' title='bbox 1351 3857 1431 3936; x_wconf 79' lang='lat' dir='ltr'><strong>gloria</strong></span> 
     </span>
     <span class='ocr_line' id='line_1_50' title="bbox 219 3927 1429 4029; baseline 0.003 -45"><span class='ocrx_word' id='word_1_509' title='bbox 219 3929 280 4010; x_wconf 76' lang='lat' dir='ltr'><strong>ey&#39;us</strong></span> <span class='ocrx_word' id='word_1_510' title='bbox 294 3931 488 3988; x_wconf 88' lang='lat' dir='ltr'><strong>ascensionem</strong></span> <span class='ocrx_word' id='word_1_511' title='bbox 507 3931 661 3996; x_wconf 89' lang='lat' dir='ltr'><strong>credimus,</strong></span> <span class='ocrx_word' id='word_1_512' title='bbox 676 3944 803 3985; x_wconf 80' lang='lat' dir='ltr'><strong>conrmu-</strong></span> <span class='ocrx_word' id='word_1_513' title='bbox 827 3954 829 4029; x_wconf 49' lang='lat' dir='ltr'><strong>q</strong></span> <span class='ocrx_word' id='word_1_514' title='bbox 857 3927 1013 3987; x_wconf 81' lang='lat' dir='ltr'><strong>divinitatis</strong></span> <span class='ocrx_word' id='word_1_515' title='bbox 1042 3931 1242 4004; x_wconf 80' lang='lat' dir='ltr'><strong>requiescere3</strong></span> <span class='ocrx_word' id='word_1_516' title='bbox 1270 3935 1326 3992; x_wconf 88' lang='lat' dir='ltr'><strong>alio</strong></span> <span class='ocrx_word' id='word_1_517' title='bbox 1356 3930 1429 4010; x_wconf 85' lang='lat' dir='ltr'><strong>modo</strong></span> 
     </span>
     <span class='ocr_line' id='line_1_51' title="bbox 217 4001 1430 4074; baseline 0.002 -18"><span class='ocrx_word' id='word_1_518' title='bbox 217 4001 563 4072; x_wconf 83' lang='lat' dir='ltr'><strong>ursestejusbilarissima</strong></span> <span class='ocrx_word' id='word_1_519' title='bbox 577 4001 804 4074; x_wconf 66' lang='lat' dir='ltr'><strong>promissioque</strong></span> <span class='ocrx_word' id='word_1_520' title='bbox 827 4038 829 4067; x_wconf 83' lang='lat'><strong>,</strong></span> <span class='ocrx_word' id='word_1_521' title='bbox 856 4002 1011 4058; x_wconf 80' lang='lat' dir='ltr'><strong>secondom</strong></span> <span class='ocrx_word' id='word_1_522' title='bbox 1032 4019 1073 4072; x_wconf 84' lang='lat' dir='ltr'><strong>se,</strong></span> <span class='ocrx_word' id='word_1_523' title='bbox 1087 4010 1115 4059; x_wconf 88' lang='lat' dir='ltr'><strong>et</strong></span> <span class='ocrx_word' id='word_1_524' title='bbox 1133 4003 1173 4060; x_wconf 91' lang='lat' dir='ltr'><strong>sic</strong></span> <span class='ocrx_word' id='word_1_525' title='bbox 1190 4005 1290 4062; x_wconf 87' lang='lat' dir='ltr'><strong>sedere</strong></span> <span class='ocrx_word' id='word_1_526' title='bbox 1304 4023 1321 4063; x_wconf 94' lang='lat' dir='ltr'><strong>a</strong></span> <span class='ocrx_word' id='word_1_527' title='bbox 1337 4008 1430 4063; x_wconf 82' lang='lat' dir='ltr'><strong>dcxtus</strong></span> 
     </span>
     <span class='ocr_line' id='line_1_52' title="bbox 218 4070 1429 4156; baseline 0.002 -28"><span class='ocrx_word' id='word_1_528' title='bbox 218 4070 287 4129; x_wconf 89' lang='lat' dir='ltr'><strong>dicit</strong></span> <span class='ocrx_word' id='word_1_529' title='bbox 303 4088 310 4127; x_wconf 74' lang='grc' dir='ltr'><strong>ε</strong></span> <span class='ocrx_word' id='word_1_530' title='bbox 325 4075 404 4130; x_wconf 81' lang='lat' dir='ltr'><strong>Beati</strong></span> <span class='ocrx_word' id='word_1_531' title='bbox 427 4073 529 4128; x_wconf 84' lang='lat' dir='ltr'><strong>mando</strong></span> <span class='ocrx_word' id='word_1_532' title='bbox 556 4074 645 4136; x_wconf 85' lang='lat' dir='ltr'><strong>corde,</strong></span> <span class='ocrx_word' id='word_1_533' title='bbox 672 4074 802 4142; x_wconf 81' lang='lat' dir='ltr'><strong>quoniam</strong></span> <span class='ocrx_word' id='word_1_534' title='bbox 826 4074 828 4111; x_wconf 79' lang='lat' dir='ltr'><strong>l</strong></span> <span class='ocrx_word' id='word_1_535' title='bbox 857 4073 959 4143; x_wconf 84' lang='lat' dir='ltr'><strong>Patris,</strong></span> <span class='ocrx_word' id='word_1_536' title='bbox 986 4073 1117 4156; x_wconf 78' lang='lat' dir='ltr'><strong>designat</strong></span> <span class='ocrx_word' id='word_1_537' title='bbox 1142 4091 1205 4132; x_wconf 87' lang='lat' dir='ltr'><strong>esse</strong></span> <span class='ocrx_word' id='word_1_538' title='bbox 1227 4076 1257 4132; x_wconf 91' lang='lat' dir='ltr'><strong>in</strong></span> <span class='ocrx_word' id='word_1_539' title='bbox 1284 4077 1429 4150; x_wconf 80' lang='lat' dir='ltr'><strong>potioritus</strong></span> 
     </span>
     <span class='ocr_line' id='line_1_53' title="bbox 215 4143 1428 4221; baseline 0.001 -20"><span class='ocrx_word' id='word_1_540' title='bbox 215 4147 273 4218; x_wconf 86' lang='lat' dir='ltr'><strong>ipsi</strong></span> <span class='ocrx_word' id='word_1_541' title='bbox 287 4146 371 4200; x_wconf 83' lang='lat' dir='ltr'><strong>Deam</strong></span> <span class='ocrx_word' id='word_1_542' title='bbox 387 4144 518 4199; x_wconf 81' lang='lat' dir='ltr'><strong>uidebant</strong></span> <span class='ocrx_word' id='word_1_543' title='bbox 531 4163 540 4198; x_wconf 75' lang='grc' dir='ltr'><strong><em>ε</em></strong></span> <span class='ocrx_word' id='word_1_544' title='bbox 554 4163 568 4194; x_wconf 83' lang='lat' dir='ltr'><strong>n</strong></span> <span class='ocrx_word' id='word_1_545' title='bbox 585 4143 646 4200; x_wconf 81' lang='lat' dir='ltr'><strong>lraec</strong></span> <span class='ocrx_word' id='word_1_546' title='bbox 663 4143 746 4200; x_wconf 83' lang='lat' dir='ltr'><strong>Beda.</strong></span> <span class='ocrx_word' id='word_1_547' title='bbox 855 4144 917 4215; x_wconf 85' lang='lat' dir='ltr'><strong>rjus</strong></span> <span class='ocrx_word' id='word_1_548' title='bbox 931 4144 1024 4214; x_wconf 89' lang='lat' dir='ltr'><strong>bouis,</strong></span> <span class='ocrx_word' id='word_1_549' title='bbox 1036 4151 1109 4203; x_wconf 82' lang='lat' dir='ltr'><strong>srcut</strong></span> <span class='ocrx_word' id='word_1_550' title='bbox 1123 4145 1240 4205; x_wconf 89' lang='lat' dir='ltr'><strong>dextera</strong></span> <span class='ocrx_word' id='word_1_551' title='bbox 1254 4155 1298 4205; x_wconf 93' lang='lat' dir='ltr'><strong>est</strong></span> <span class='ocrx_word' id='word_1_552' title='bbox 1312 4165 1376 4221; x_wconf 90' lang='lat' dir='ltr'><strong>pars</strong></span> <span class='ocrx_word' id='word_1_553' title='bbox 1389 4159 1428 4202; x_wconf 91' lang='lat' dir='ltr'><strong>uo·</strong></span> 
     </span>
    </p>

    <p class='ocr_par' dir='ltr' id='par_1_18' title="bbox 214 4213 1427 4434">
     <span class='ocr_line' id='line_1_54' title="bbox 254 4213 1427 4291; baseline -0.003 -16"><span class='ocrx_word' id='word_1_554' title='bbox 254 4223 285 4275; x_wconf 81' lang='lat'><strong>16</strong></span> <span class='ocrx_word' id='word_1_555' title='bbox 311 4217 445 4274; x_wconf 76' lang='lat' dir='ltr'><strong>Asamum</strong></span> <span class='ocrx_word' id='word_1_556' title='bbox 472 4231 507 4270; x_wconf 80' lang='lat' dir='ltr'><strong>so</strong></span> <span class='ocrx_word' id='word_1_557' title='bbox 535 4231 629 4271; x_wconf 77' lang='lat' dir='ltr'><strong>ceusu</strong></span> <span class='ocrx_word' id='word_1_558' title='bbox 658 4231 801 4271; x_wconf 79' lang='lat' dir='ltr'><strong>eurxasuu</strong></span> <span class='ocrx_word' id='word_1_559' title='bbox 855 4215 949 4282; x_wconf 87' lang='lat' dir='ltr'><strong>bilior,</strong></span> <span class='ocrx_word' id='word_1_560' title='bbox 959 4225 986 4273; x_wconf 91' lang='lat' dir='ltr'><strong>et</strong></span> <span class='ocrx_word' id='word_1_561' title='bbox 997 4215 1237 4291; x_wconf 88' lang='lat' dir='ltr'><strong>potiorcorporis.</strong></span> <span class='ocrx_word' id='word_1_562' title='bbox 1248 4220 1346 4278; x_wconf 87' lang='lat' dir='ltr'><strong>Merito</strong></span> <span class='ocrx_word' id='word_1_563' title='bbox 1356 4213 1427 4280; x_wconf 76' lang='lat' dir='ltr'><strong>Cluui·</strong></span> 
     </span>
     <span class='ocr_line' id='line_1_55' title="bbox 216 4285 1425 4360; baseline -0.003 -14"><span class='ocrx_word' id='word_1_564' title='bbox 216 4290 351 4360; x_wconf 80' lang='lat' dir='ltr'><strong>nonnos,</strong></span> <span class='ocrx_word' id='word_1_565' title='bbox 365 4305 409 4348; x_wconf 84' lang='lat' dir='ltr'><strong>un1</strong></span> <span class='ocrx_word' id='word_1_566' title='bbox 425 4303 567 4346; x_wconf 75' lang='lat' dir='ltr'><strong>saurais</strong></span> <span class='ocrx_word' id='word_1_567' title='bbox 587 4287 637 4342; x_wconf 84' lang='lat' dir='ltr'><strong>Dru</strong></span> <span class='ocrx_word' id='word_1_568' title='bbox 657 4302 750 4342; x_wconf 81' lang='lat' dir='ltr'><strong>senar.</strong></span> <span class='ocrx_word' id='word_1_569' title='bbox 770 4315 801 4326; x_wconf 91' lang='lat'>-</span> <span class='ocrx_word' id='word_1_570' title='bbox 854 4297 914 4345; x_wconf 90' lang='lat' dir='ltr'><strong>stus</strong></span> <span class='ocrx_word' id='word_1_571' title='bbox 928 4287 1030 4345; x_wconf 89' lang='lat' dir='ltr'><strong>dicitur</strong></span> <span class='ocrx_word' id='word_1_572' title='bbox 1043 4288 1144 4347; x_wconf 89' lang='lat' dir='ltr'><strong>sedere</strong></span> <span class='ocrx_word' id='word_1_573' title='bbox 1158 4291 1195 4348; x_wconf 91' lang='lat' dir='ltr'><strong>ad</strong></span> <span class='ocrx_word' id='word_1_574' title='bbox 1210 4291 1352 4348; x_wconf 87' lang='lat' dir='ltr'><strong>dexteram</strong></span> <span class='ocrx_word' id='word_1_575' title='bbox 1368 4285 1425 4350; x_wconf 87' lang='lat' dir='ltr'><strong>Dei:</strong></span> 
     </span>
     <span class='ocr_line' id='line_1_56' title="bbox 214 4355 1426 4434; baseline -0.005 -13"><span class='ocrx_word' id='word_1_576' title='bbox 214 4361 354 4420; x_wconf 87' lang='lat' dir='ltr'><strong>Dominus</strong></span> <span class='ocrx_word' id='word_1_577' title='bbox 377 4376 447 4434; x_wconf 84' lang='lat' dir='ltr'><strong>ergo</strong></span> <span class='ocrx_word' id='word_1_578' title='bbox 475 4359 556 4417; x_wconf 87' lang='lat' dir='ltr'><strong>lesus</strong></span> <span class='ocrx_word' id='word_1_579' title='bbox 581 4371 644 4415; x_wconf 82' lang='lat' dir='ltr'><strong>cum</strong></span> <span class='ocrx_word' id='word_1_580' title='bbox 670 4355 825 4428; x_wconf 69' lang='lat' dir='ltr'><strong>universa,</strong></span> <span class='ocrx_word' id='word_1_581' title='bbox 855 4359 954 4418; x_wconf 90' lang='lat' dir='ltr'><strong>sedere</strong></span> <span class='ocrx_word' id='word_1_582' title='bbox 978 4357 1103 4432; x_wconf 89' lang='lat' dir='ltr'><strong>quidem,</strong></span> <span class='ocrx_word' id='word_1_583' title='bbox 1128 4359 1195 4434; x_wconf 86' lang='lat' dir='ltr'><strong>quia</strong></span> <span class='ocrx_word' id='word_1_584' title='bbox 1218 4361 1374 4434; x_wconf 71' lang='lat' dir='ltr'><strong>laboravit,</strong></span> <span class='ocrx_word' id='word_1_585' title='bbox 1397 4355 1426 4415; x_wconf 85' lang='lat' dir='ltr'><strong>ad</strong></span> 
     </span>
    </p>
   </div>
   <div class='ocr_carea' id='block_1_17' title="bbox 0 0 1566 5038">
    <p class='ocr_par' dir='ltr' id='par_1_19' title="bbox 0 0 1566 5038">
     <span class='ocr_line' id='line_1_57' title="bbox 0 0 1566 5038; baseline 0 9"><span class='ocrx_word' id='word_1_586' title='bbox 0 0 1566 5038; x_wconf 95' lang='lat' dir='ltr'><strong> </strong></span> 
     </span>
    </p>
   </div>
  </div>
 </body>
</html>
