3124 5038
215 417 260 468 228
339 465 342 472 ,
543 411 696 464 stubdbd
723 410 842 465 PARTIS
870 411 974 464 ctrur
1003 412 1118 464 txxtx

215 525 243 580 et
257 535 315 578 non
329 519 426 592 piures
439 517 533 590 pisces
545 515 648 586 piscati
667 521 745 572 sunt.
765 519 801 573 at

214 609 274 650 enm
289 594 362 648 tenti
375 595 473 658 essent,
481 605 534 644 non
550 593 590 644 est
603 591 719 644 scissum
732 593 799 643 rete.

214 667 367 722 Numerum
385 667 413 718 et
433 658 660 732 magnitudinem
680 657 800 730 piscium

214 733 355 808 exprimit,
370 733 407 789 ad
423 730 644 788 declarationem
658 729 799 796 miraculi,

214 823 246 862 er
265 813 346 862 tanta
362 802 494 875 raptione
517 817 627 868 eorum,
642 805 670 857 et
698 803 800 858 iterurn

216 894 249 936 ea
266 879 336 934 retis
349 873 525 946 integritate,
537 871 672 944 quoniam
687 889 744 928 non
757 877 801 929 est

216 949 346 1006 scissum.
375 949 410 1003 Et
438 960 544 1002 vocans
568 942 705 1000 Dominus
722 945 801 1000 lesus

216 1018 371 1090 discipulos
385 1017 454 1073 dicit
463 1019 523 1072 eis:
540 1015 798 1086 Venite‚praadete;

216 1097 245 1148 et
262 1089 346 1148 simul
364 1105 428 1146 cum
448 1086 491 1144 eis
509 1086 671 1154 comedens,
689 1086 725 1143 ad
745 1085 800 1142 de-

216 1160 401 1220 clarationem
427 1175 486 1216 suaa
506 1159 741 1224 Resurrectionis,
759 1162 798 1227 et,

214 1233 251 1291 ad
264 1231 467 1290 ostendendum
481 1245 540 1286 non
554 1245 615 1286 esse
629 1229 800 1301 phantasma

215 1306 290 1376 quod
305 1303 410 1361 sactum
422 1307 475 1364 est.
486 1299 554 1358 tecit
567 1303 609 1357 eis
622 1299 797 1368 convivium,

183 1401 188 1406 ·
214 1381 243 1432 et
257 1375 359 1432 testum
380 1388 515 1447 magnum
531 1387 595 1428 cum
616 1372 684 1442 ipsvs
700 1369 728 1426 in
748 1371 795 1426 lvt-

213 1453 276 1504 tore
300 1446 395 1504 maris.
411 1447 448 1502 ut
463 1460 539 1500 aeuo
567 1443 797 1499 discumbentium

212 1519 332 1576 audebat
344 1520 515 1586 interrogare
529 1531 608 1570 eum:
626 1516 666 1570 Ta
680 1515 730 1584 qui
744 1516 796 1569 es?

212 1607 271 1648 non
286 1599 401 1718 propter
412 1585 609 1646 austeritatem
624 1595 652 1667 et
667 1584 796 1667 tormidi-

208 1677 289 1732 uem,
301 1677 331 1718 se
368 1667 483 1732 propter
498 1663 795 1715 reverentvaeauctorv-

211 1739 310 1799 tatem,
338 1739 367 1789 et
389 1726 561 1802 cognitionis
584 1726 795 1796 certitudinem,

211 1806 326 1860 seientes
340 1801 465 1858 discreta
476 1797 650 1872 cognitione,
666 1800 734 1869 quie
745 1801 797 1854 Do·

211 1877 303 1932 minus
317 1877 367 1942 est,
379 1870 425 1930 cui
445 1886 508 1928 eum
523 1875 645 1926 metuet
661 1884 794 1926 reveren-

212 1945 254 2004 tia
274 1949 387 2016 uportet
410 1943 579 2011 intendere;
597 1948 626 1997 et
647 1940 709 1998 ideo
730 1941 795 1998 iru-

211 2021 271 2075 stra
293 2015 427 2075 iecissent
450 2013 486 2071 de
511 2013 564 2069 hoc
595 2011 794 2086 quaestionem,

213 2090 352 2162 quianon
368 2085 517 2161 oportebat
536 2085 629 2141 iacere
644 2100 707 2141 eam
722 2101 729 2153 ;
747 2083 794 2141 ubi

214 2163 290 2218 enirn
313 2167 356 2220 est
368 2160 474 2216 veritas
489 2157 613 2214 exhibita
629 2160 739 2227 aperte,
754 2154 794 2212 ibi

211 2233 290 2289 nulla
304 2237 348 2290 est
372 2247 441 2302 opus
456 2225 694 2300 interrogatione.
715 2228 793 2284 Unde

211 2306 448 2375 chrysostomus:
475 2319 490 2354 u
513 2302 547 2356 Et
569 2315 653 2356 nemo
673 2297 796 2356 audebat

210 2391 278 2433 eum
296 2377 484 2446 interrogare,
498 2372 549 2428 sed
563 2385 627 2427 cum
640 2368 754 2426 silentio
766 2375 794 2425 et

210 2445 363 2504 formidine
388 2443 477 2500 multa
492 2449 520 2498 et
532 2441 693 2498 reverentia
711 2441 792 2496 sede-

210 2518 280 2576 bant
292 2515 471 2574 attendentes
484 2511 514 2568 in
528 2527 604 2569 eum.
618 2513 688 2567 Nam
701 2509 793 2566 scive-

210 2592 275 2646 rant
288 2585 414 2658 quidem,
429 2581 496 2656 quia
512 2583 571 2654 ipse
587 2581 723 2638 Dominus
738 2587 791 2653 est,

208 2659 329 2717 formam
342 2665 437 2714 autem
449 2654 642 2712 alteratiorem
652 2652 789 2720 videntes,

209 2736 238 2787 et
253 2729 344 2786 multa
368 2724 557 2784 admiratione
572 2724 696 2797 plenam,
711 2725 791 2781 ratde

209 2807 292 2859 erant
305 2795 463 2870 stupefacti.
482 2797 587 2854 »Unde
605 2801 633 2852 et
652 2797 790 2865 Angusti-

209 2889 261 2930 nus
275 2891 284 2929 ε
298 2891 313 2925 (ι
330 2873 417 2929 Nemo
433 2869 557 2927 audebat
575 2866 705 2924 dubitare
716 2869 791 2940 quod

211 2944 365 3017 ipsaemet,
382 2949 463 3000 tanta
477 2942 553 2998 enim
573 2948 633 2996 erat
648 2937 792 2996 evidentia

210 3017 348 3086 veritatis,
360 3030 416 3087 qna
427 3013 484 3070 illis
497 3014 578 3070 Jesus
590 3011 793 3083 apparebal‚ut

211 3087 307 3145 nullus
322 3101 419 3144 eorum
433 3085 553 3142 auderet
563 3097 620 3138 non
634 3081 726 3139 solum
741 3097 791 3137 ne·

211 3174 290 3233 gere,
306 3157 357 3216 sed
370 3173 423 3214 neo
436 3155 577 3224 dubitare,
593 3159 622 3210 et
635 3153 701 3210 ideo
715 3151 791 3209 stui-

211 3239 268 3288 tum
283 3235 358 3288 esset
367 3227 552 3298 interrogare.
569 3245 584 3277 >v

247 3304 421 3360 bbvcunnnu
444 3300 543 3354 Dovuvv
569 3313 619 3354 cuv
646 3311 791 3353 orscvuums

209 3390 366 3430 convvvvnu.
383 3402 416 3414 -
431 3373 468 3428 Bt
482 3375 626 3426 consuetae
645 3367 790 3425 bumilita-

210 3447 245 3501 tis
261 3461 320 3503 suee
334 3459 413 3501 more
437 3439 603 3497 ministrans
618 3438 670 3508 eis,
689 3442 791 3510 accipit

207 3533 306 3588 punem
318 3520 344 3572 et
362 3515 412 3570 det
425 3515 474 3580 eis,
488 3509 666 3569 benedictum
682 3517 790 3581 tamen,

209 3593 237 3645 et
251 3583 446 3645 distribuendo
460 3583 589 3652 tractum,
606 3587 631 3638 ct
640 3583 743 3654 piscem
754 3584 791 3638 si-

208 3661 321 3720 militer.
337 3663 365 3716 et
379 3655 504 3714 comedit
521 3670 584 3710 curn
600 3652 657 3722 eis;
675 3668 738 3709 nam
755 3669 788 3710 eo

207 3730 292 3787 modo
307 3727 453 3787 dividebat
471 3725 523 3795 eis,
539 3730 566 3782 et
588 3724 786 3788 distribuebat,

206 3800 280 3858 sicut
292 3805 476 3857 consueverat
486 3802 552 3855 ante
568 3796 739 3864 Passionem,
751 3796 787 3852 ad

204 3871 404 3928 declarandam
427 3885 508 3926 suam
529 3866 785 3926 Resurrectionem.

203 3943 285 4001 Stant
300 3940 388 4014 igitur
404 3947 580 4008 reverenter,
609 3939 786 4010 multumque

203 4012 338 4072 alacriter
357 4011 404 4068 isti
432 4015 541 4091 septem
569 4009 700 4081 discipuli
721 4025 784 4066 cum

203 4085 324 4144 Domino
335 4099 396 4151 suo,
408 4087 517 4154 pariter
524 4081 708 4138 comedentes
721 4096 785 4137 curn

202 4159 292 4216 eods
314 4151 784 4234 ieiuntdesiderabilem,etJucuu·

204 4231 270 4288 darn
286 4173 387 4286 diciem
402 4227 475 4307 ejus,
489 4228 518 4280 et
530 4222 709 4305 exsultantia
725 4239 785 4306 cor-

204 4302 289 4360 dibus
299 4302 367 4358 suis.
381 4299 530 4369 deerprunt
542 4295 578 4352 de
588 4295 785 4351 sacratissimis

206 4373 337 4432 titanibus
356 4372 417 4444 eJ'us
433 4385 512 4426 oscas
528 4363 741 4436 desiderabiles,
757 4371 784 4422 ct

857 516 1026 573 retieinntur
1046 531 1104 571 non
1127 515 1221 572 minus
1241 518 1434 589 spiritualiter.

856 603 940 659 quam
958 586 1153 659 corporaliter.
1173 588 1194 646 0
1209 591 1292 658 qivate
1307 597 1350 645 est
1365 590 1435 646 istud

856 657 1015 715 convivium
1029 658 1035 713 i
1055 659 1210 716 Considera
1226 662 1298 717 bene
1315 677 1365 732 per
1376 661 1436 717 sin-

856 731 933 802 gula,
949 736 977 786 et
992 729 1014 784 si
1031 735 1113 800 potes
1128 731 1253 798 irascaris
1264 748 1330 788 cum
1346 734 1397 792 eis.
1410 733 1435 789 in

857 799 1045 870 exsultatione
1060 810 1089 856 et
1104 801 1211 857 iaetitia.
1228 803 1258 858 iu
1275 805 1330 860 troc
1342 803 1438 860 convi-

857 871 902 928 vio
916 871 1047 929 Ecclesia
1062 871 1201 944 spirituali
1224 873 1354 932 Christus
1370 891 1437 946 prae·

857 951 938 1015 parat
955 959 1061 1012 prunas
1075 943 1214 1010 caritatis,
1227 961 1300 1016 quas
1313 946 1350 1003 de
1365 946 1438 1002 cmlis

857 1013 1028 1097 portavitad
1045 1019 1148 1084 terrae,
1163 1015 1232 1086 quia
1246 1016 1345 1088 ignem
1366 1017 1438 1073 venit

856 1092 968 1142 mittere
984 1103 1012 1142 ιιι
1028 1091 1145 1152 terram,
1159 1093 1188 1142 et
1205 1089 1264 1144 vult
1287 1093 1318 1145 ut
1338 1105 1435 1146 aecen-

856 1157 949 1240 datur.
965 1159 1046 1226 item,
1064 1162 1206 1239 praeparat
1220 1158 1328 1242 piscem
1345 1175 1436 1228 super·

856 1234 978 1300 positum
990 1245 1099 1301 prunis,
1109 1228 1158 1299 qui
1166 1235 1210 1286 est
1224 1245 1285 1302 ipse
1301 1232 1434 1292 Christus,

855 1299 903 1381 qui
917 1315 1003 1382 super
1019 1316 1124 1371 prunas
1137 1299 1261 1372 ponitur,
1273 1303 1391 1374 quando
1405 1322 1434 1357 ev

854 1379 984 1428 incendio
1000 1371 1136 1437 caritatis
1148 1389 1199 1444 pro
1214 1373 1296 1430 nobis
1312 1377 1341 1430 in
1354 1390 1435 1429 cruce

854 1442 1026 1500 immolatur.
1056 1445 1137 1512 ltem,
1167 1449 1309 1514 praenann
1335 1461 1435 1516 panem

853 1529 909 1586 quo
920 1513 1129 1598 reficimur,qui
1141 1521 1220 1572 estet
1228 1517 1286 1589 ipsc
1296 1516 1436 1586 Christus,

851 1601 994 1668 namflrpse
1011 1585 1104 1642 reiicit
1124 1603 1175 1644 nos
1197 1603 1249 1659 per
1264 1587 1435 1654 doctrinam,

853 1661 880 1739 et
891 1663 977 1714 ettam
991 1657 1085 1714 dando
1096 1657 1203 1730 Corpus
1215 1675 1298 1716 auum
1313 1661 1396 1716 nobis
1409 1660 1435 1716 in

852 1728 956 1786 cibum.
972 1731 1053 1785 [ledit
1064 1732 1150 1786 etiam
1165 1729 1301 1788 Dominus
1316 1731 1437 1802 discipu·

851 1798 887 1854 lis
899 1799 1094 1872 piscemquia
1109 1817 1189 1858 suam
1203 1803 1370 1859 Passionem
1380 1801 1437 1858 irni-

851 1871 968 1928 tandam
983 1870 1126 1940 ostendit;
1143 1872 1223 1929 dedit
1237 1878 1266 1930 et
1280 1890 1346 1931 cum
1364 1877 1436 1945 pisce

851 1957 965 2024 panem,
979 1942 1045 2025 quia
1057 1953 1119 2014 pist
1133 1943 1316 2002 tolerantiam
1334 1945 1437 2014 passio

851 2014 1020 2096 ntus-gaudia
1033 2020 1148 2073 aeternae
1170 2015 1315 2072 societatis
1340 2033 1435 2088 repro·

851 2094 937 2166 mrsrt.
957 2085 1035 2142 Unde
1048 2086 1224 2155 Augustinus
1240 2107 1248 2142 :
1262 2110 1276 2138 n
1293 2089 1373 2144 Fecit
1387 2090 1436 2144 Do·

851 2171 943 2237 minus
957 2155 1107 2226 prandium
1120 2163 1228 2229 septem
1239 2157 1387 2232 discipulis
1401 2159 1433 2215 de

850 2241 927 2298 pvsce
939 2243 1015 2298 asso,
1029 2234 1057 2284 et
1067 2227 1132 2285 aliis
1146 2244 1216 2300 quos
1231 2237 1390 2300 ceperant,
1408 2237 1433 2285 et

850 2313 932 2370 pane.
952 2299 1041 2355 Piscis
1056 2315 1147 2368 assus,
1171 2299 1298 2358 Christus
1314 2309 1358 2358 est
1374 2318 1433 2372 pas·
1533 2313 1534 2322 ¹

851 2385 916 2436 sus;
933 2371 993 2441 ipse
1013 2375 1054 2426 est
1078 2377 1107 2426 et
1131 2371 1221 2444 tranis,
1234 2372 1282 2442 qui
1307 2375 1345 2430 de
1364 2371 1431 2429 coeto

849 2439 1004 2498 descondit.
1027 2441 1096 2497 Huic
1126 2442 1328 2515 incorporatur
1343 2445 1432 2500 uecte-

849 2513 893 2568 sia
916 2514 951 2568 ad
976 2511 1200 2585 participandam
1230 2515 1431 2572 beatitudinem

849 2587 996 2653 aeternam,
1024 2587 1234 2657 propterquod
1258 2587 1429 2644 dictumest
1532 2579 1533 2610 ³

848 2670 865 2710 a
881 2653 1001 2711 Domino
1023 2671 1030 2713 :
1048 2657 1154 2727 afferte
1176 2658 1209 2712 de
1222 2659 1349 2729 piscibus
1366 2675 1429 2729 qnos
1532 2655 1533 2714 ἶ

847 2726 1033 2797 prendidistis
1050 2743 1132 2792 nune,
1146 2729 1343 2801 utomnesqui
1361 2733 1429 2786 tvavn·

847 2812 927 2869 spem
941 2798 1220 2881 gerimus,perillum
1235 2803 1427 2874 septenarium

848 2884 998 2925 numerum
1024 2869 1240 2942 discipulorum,
1270 2889 1323 2946 per
1350 2887 1430 2944 quem

849 2943 942 3012 potest
954 2945 1052 2997 nostra
1068 2941 1237 3000 universitas
1253 2941 1375 3018 intelligi
1401 2947 1429 2998 ii-

848 3016 959 3094 gurata,
984 3017 1063 3069 tanto
1082 3015 1266 3072 Sacramentu
1288 3032 1342 3073 nos
1361 3031 1430 3071 com-

849 3097 994 3139 municare
1007 3100 1165 3154 nossemus,
1183 3091 1212 3142 et
1231 3085 1324 3144 eidem
1341 3085 1428 3145 beati

848 3152 939 3210 tudini
948 3169 1000 3237 nos
1012 3155 1129 3212 sociari:
1146 3177 1158 3208 n
1171 3157 1232 3214 bac
1245 3160 1427 3241 Augustinus.

848 3225 914 3282 Ideo
930 3233 1014 3282 etvam
1036 3227 1164 3284 ultimum
1190 3229 1351 3288 convivium
1367 3245 1424 3284 ruvn

847 3301 955 3364 septem
975 3295 1119 3370 discipulis
1142 3299 1317 3370 piscantibus
1342 3299 1423 3358 voluit

847 3367 1002 3450 celebrare,
1030 3371 1096 3441 quia
1115 3370 1155 3427 ilti
1180 3377 1245 3444 post
1269 3371 1424 3432 universate

843 3439 981 3510 Jndrcvum
997 3457 1059 3496 cum
1078 3441 1195 3498 Domino
1210 3449 1350 3502 aeternum
1364 3459 1423 3499 cou-

847 3509 950 3592 vivium
966 3515 1033 3568 sunt
1044 3513 1225 3582 celebraturi,
1240 3514 1286 3587 qui
1299 3517 1423 3588 septilor-

846 3596 900 3637 mvs
919 3581 1041 3654 Spiritus
1070 3583 1166 3642 Sancti
1196 3587 1290 3668 gratia
1316 3584 1423 3660 repleti.

846 3653 1104 3736 tluctuspraesentis
1118 3659 1206 3714 seculi
1221 3657 1317 3715 divino
1330 3673 1423 3715 amore

845 3723 965 3792 calcant,
982 3731 1010 3782 et
1020 3742 1049 3782 ιιι
1065 3727 1206 3785 lucrandis
1221 3727 1372 3786 animabus
1387 3727 1423 3783 in-

844 3793 972 3866 vigilant.
989 3797 1067 3854 Unde
1076 3799 1243 3868 Gregorius:
1261 3821 1274 3853 n
1292 3801 1349 3858 Cur
1364 3813 1422 3856 cum

844 3872 951 3994 septem
965 3867 1111 3950 discipulis
1123 3871 1253 3928 ultimum
1267 3871 1421 3928 convivium

843 3940 1045 4020 ceebrat.n1si
1066 3942 1141 4012 quod
1152 3958 1201 3998 eos
1218 3941 1421 4000 tantummodo.

844 4023 891 4080 qm
908 4011 1063 4080 septiformi
1081 4015 1173 4082 gratia
1194 4015 1315 4084 Spiritus
1331 4009 1420 4072 Sancti

843 4079 917 4150 pleni
933 4087 1012 4163 ¹sunl,
1035 4083 1144 4140 tuturos
1164 4102 1258 4142 secum
1276 4087 1304 4141 in
1320 4093 1420 4142 aetervnv

842 4152 1297 4230 reiectionedenuntiat‘lScptem
1335 4173 1419 4226 tvenne

841 4223 942 4282 diebus
959 4239 1043 4282 omne
1071 4226 1124 4282 hoo
1145 4235 1255 4301 tempus
1275 4173 1418 4290 evdivitnv,

841 4299 869 4352 et
889 4311 963 4366 saepe
982 4311 1033 4370 per
1052 4298 1245 4370 septenarium
1273 4313 1416 4357 numerum

841 4367 976 4438 perfectio
1005 4367 1183 4442 designatur.
1213 4369 1255 4428 illi
1279 4387 1348 4440 ergo
1373 4369 1416 4424 nl-
