2974 5040
381 507 421 564 uit
449 509 548 574 noui,
578 509 609 562 lit
638 507 804 564 eisetuna
832 507 964 560 bonini.
1244 513 1280 568 131

63 637 110 674 cns
119 625 181 675 tuos
190 619 467 676 misericordissimae
476 617 644 674 commendo·

62 707 97 754 re,
112 707 182 762 qnos
198 707 249 764 pro
267 708 309 746 me
327 689 462 747 solvendo
481 691 644 760 expandisti

61 766 88 817 in
105 769 193 820 mucis
211 765 353 834 patibulos
376 765 402 815 et
424 761 522 816 andire
538 777 643 816 mereor

60 835 166 889 verbnm
182 835 256 890 illud
268 835 458 890 dulcissimum
470 851 479 888 a
490 834 578 890 Hodie
587 846 643 888 me·

60 923 115 961 cnm
127 909 181 961 cris
191 909 222 962 in
234 907 376 977 paradiso.

93 979 190 1034 ovem
209 995 306 1034 murm
327 993 438 1033 scissio.
455 1005 490 1018 -
504 977 541 1032 nt
562 981 641 1044 tunc,

60 1049 108 1104 hac
127 1064 196 1106 voce
215 1049 339 1121 prolata,
355 1063 413 1104 cece
431 1049 522 1102 uelum
534 1048 640 1118 templi,

60 1119 129 1190 pund
146 1125 208 1178 erat
222 1120 292 1176 ioris
307 1125 374 1176 ante
389 1117 492 1176 taciem
508 1123 536 1174 et
552 1120 640 1174 inim·

59 1189 124 1247 itum
139 1191 412 1265 templi,prohlbens
420 1196 568 1260 aspectum
577 1205 640 1246 san·

59 1267 259 1336 clerumque
285 1269 367 1320 erant
390 1261 467 1318 inira
490 1259 639 1333 templum,

59 1337 169 1390 scissum
183 1339 225 1390 est
245 1337 276 1391 in
295 1336 366 1391 duos
382 1339 487 1406 portes,
503 1347 639 1388 osnmmo

61 1421 141 1476 uspno
154 1407 293 1470 mosum,
313 1423 371 1463 non
396 1405 466 1462 illud
486 1405 562 1476 quod
577 1407 640 1462 crat

60 1475 129 1532 intra
143 1477 283 1550 templum
296 1478 372 1534 inter
383 1481 482 1534 sancta
496 1481 527 1533 et
540 1483 639 1532 sanctia

61 1553 228 1606 sanctorum.
257 1551 336 1606 Unde
359 1551 490 1618 Origenes
511 1567 519 1604 :
537 1567 551 1601 o
577 1549 637 1604 Duo

60 1627 149 1676 autem
173 1622 236 1678 vela
252 1621 341 1678 inisse
365 1619 586 1692 intelliguntur:
604 1635 636 1674 u·

60 1707 120 1747 norm
131 1693 206 1762 quod
220 1693 338 1750 velabat
352 1699 450 1749 sancta
461 1699 635 1760 sauctorum;

60 1763 173 1819 alterum
198 1763 336 1833 exterius,
361 1763 421 1820 sira
449 1759 635 1832 tabernaculi,

59 1833 111 1890 sire
122 1835 229 1918 templi.
249 1839 281 1892 ln
293 1835 429 1892 Passione
445 1851 513 1906 ergo
524 1832 635 1890 Domini

61 1905 217 1977 Salvatous,
237 1907 334 1964 velum
349 1907 424 1979 quod
445 1911 537 1963 erata
556 1904 635 1975 loris,

63 1977 226 2036 conscissum
242 1985 311 2036 esta
323 1993 434 2035 sursum
447 1993 536 2049 usque
550 1977 635 2033 deor·

60 2055 172 2114 sum‚ut
190 2052 226 2108 ab
253 2050 334 2107 initio
357 2049 458 2106 mundi
485 2065 574 2121 usque
598 2047 634 2104 ad

61 2119 149 2189 linem,
168 2121 316 2179 conscisso
332 2121 482 2190 velamine,
502 2119 636 2192 mysteria

61 2192 239 2262 publicentur,
264 2209 328 2264 cuae
348 2209 440 2264 usque
466 2193 503 2249 ad
529 2190 635 2250 Christi

62 2261 203 2322 adrentum
217 2265 431 2322 rationabiliter
448 2264 561 2321 iuerant
581 2277 634 2320 oc-

63 2333 166 2392 cultata.
176 2339 246 2394 Cum
257 2343 354 2394 autem
364 2335 475 2393 venerit
487 2335 563 2407 quod
573 2351 634 2407 pen

62 2403 154 2464 lectum
168 2415 221 2477 est,
236 2413 306 2465 tunc
327 2409 473 2466 auferetur
488 2407 574 2464 etiam
588 2423 633 2463 se·

63 2481 174 2536 cunctum
195 2482 305 2549 velum,
327 2485 357 2537 ut
382 2479 528 2536 rideamus
548 2477 633 2535 etiam

63 2561 118 2618 qua
132 2551 203 2608 intus
218 2557 289 2610 sunt
303 2551 456 2618 occultata,
467 2551 574 2607 scilicet
590 2565 635 2606 va-

64 2633 116 2675 ram
130 2639 221 2681 arcam
242 2623 429 2690 Testamenti,
443 2627 473 2679 et
484 2622 557 2679 sicut
572 2620 634 2693 ipsa

62 2705 89 2745 se
102 2693 181 2751 habet
194 2701 311 2763 natura,
321 2695 467 2752 videamus
478 2693 633 2752 Cherubim

63 2767 87 2816 ct
97 2764 149 2822 alia
164 2784 171 2823 :
186 2787 201 2820 n
215 2769 282 2825 haee
294 2768 435 2836 Origenes.
454 2767 508 2822 Per
523 2767 576 2822 hoc
590 2781 634 2821 er·

64 2847 94 2900 go
108 2835 213 2908 signum
228 2839 411 2912 figurabatur
425 2838 551 2895 revelata
569 2851 633 2894 esse

64 2911 185 2976 mysteria
205 2917 235 2968 et
257 2917 367 2968 secreta
387 2913 632 2968 sacramentorum

65 2975 144 3058 legs,
169 2998 232 3053 quas
257 2987 324 3040 ante
350 2981 443 3040 relata
466 2985 549 3038 erant
573 2998 580 3038 s
603 2985 633 3036 ut

65 3053 190 3132 universis
207 3055 410 3128 proderentur,
429 3059 456 3111 et
475 3053 512 3110 ad
527 3053 632 3110 Gentes

64 3121 224 3194 transirent3
239 3131 270 3183 et
288 3126 433 3198 impletam
449 3141 512 3182 esse
527 3125 631 3182 verita-

64 3193 122 3256 tem.
139 3210 201 3266 qua
221 3197 254 3254 in
277 3197 378 3269 liguris
392 3197 513 3264 latebat3
530 3201 559 3252 et
573 3211 631 3252 ooe·

66 3258 116 3317 lum
127 3274 266 3337 apertum,
280 3269 356 3341 quod
373 3273 439 3326 ante
458 3271 585 3326 clausum
601 3283 632 3324 c·

66 3335 112 3388 rat.
127 3337 202 3398 Unde
211 3347 242 3398 ot
257 3357 311 3397 nos
322 3340 353 3397 in
368 3339 504 3398 Passione
519 3336 632 3396 Domini

66 3407 91 3455 el
103 3420 202 3489 cruces,
215 3417 245 3470 et
256 3411 437 3484 reliquisset
448 3417 633 3469 ceterasacra

65 3470 211 3556 detegimus
222 3483 252 3540 in
265 3483 425 3542 ecclesiast
436 3482 630 3554 pateiacimus.

66 3541 96 3598 Et
108 3564 134 3604 m
145 3555 290 3628 evangalio
305 3557 505 3612 Nazareorum
517 3555 630 3626 legitur,

66 3621 381 3756 {lillilttltlull
392 3625 634 3769 lllll‘iuttt

66 3769 139 3844 loces
158 3765 187 3823 in
200 3785 277 3838 aere,
291 3777 320 3826 et
334 3769 461 3826 Virtutes
477 3767 632 3840 angelicas,

66 3835 189 3908 Pierides
212 3841 356 3912 quondam
377 3839 485 3912 templi,
501 3844 567 3896 tunc
585 3855 633 3912 pa-

67 3904 128 3982 nter
147 3907 280 3968 clamasse
299 3929 306 3968 ε
328 3915 518 3969 Transeamus
537 3927 570 3968 ex
590 3909 635 3967 his

68 3971 179 4034 sedibus.
192 3983 328 4040 tltautem
338 3983 407 4041 dicit
416 3985 633 4052 chrysostomus.

68 4037 116 4097 hoe
131 4049 219 4110 velum
235 4054 362 4124 scissum,
379 4060 441 4112 erat
465 4053 634 4126 pretiosissi-

69 4123 137 4172 mom
159 4122 192 4178 de
209 4141 333 4200 purpura
347 4131 376 4184 et
395 4128 490 4200 bysso,
507 4131 536 4182 et
551 4141 635 4182 cocco

70 4187 94 4236 et
108 4199 181 4258 auro,
196 4204 223 4252 et
236 4198 336 4268 serice),
353 4203 383 4256 et
396 4196 550 4272 hyacintho
568 4213 635 4254 con·

71 4255 174 4332 textum,
207 4269 262 4326 uod
280 4269 310 4327 in
324 4269 425 4328 dicbus
441 4267 638 4328 celeberrimis

72 4281 289 4398 terracinus.

100 4399 195 4465 lium
210 4429 290 4471 siena
308 4429 402 4482 reeca,
419 4429 555 4472 nonianus
580 4411 636 4468 Do·

73 4477 138 4528 '¹¹¹0-
157 4507 188 4522 -·
205 4485 250 4556 nt,
266 4485 321 4544 bec
337 4499 450 4575 qnoque
468 4499 546 4554 voce,
563 4487 637 4540 terro

697 623 772 674 moto
787 623 827 676 est
842 639 849 674 ι
865 616 946 688 quasi
959 632 1015 674 non
1031 619 1130 677 valens
1145 621 1221 680 terre
1231 627 1283 682 Do·

698 689 807 746 minum
823 705 907 746 suum
920 687 1133 762 pendentem,et
1146 709 1202 750 non
1218 699 1280 768 pot-

698 777 749 817 ens
767 762 908 818 sustinere
926 759 1030 818 Christi
1046 770 1178 832 mortem,
1192 781 1280 836 capax

698 831 775 888 enim
792 834 875 900 huius
890 831 992 888 mortui
1010 849 1141 892 essenon
1158 841 1279 908 poterae

697 908 725 959 el
739 901 769 960 in
786 903 897 974 signum
915 904 990 975 quod
1001 905 1094 962 Judaei
1110 907 1144 963 de
1159 924 1192 964 ea
1206 908 1281 982 abji-

697 974 790 1032 ciendi
804 981 832 1032 et
853 975 1017 1032 destruendi
1039 983 1133 1035 erant.
1149 981 1185 1036 Et
1197 987 1283 1050 petrae

696 1049 788 1103 scissa
802 1053 866 1103 snnt
882 1067 891 1101 ε
907 1045 936 1102 in
956 1047 1068 1129 signum
1084 1051 1281 1110 conversionis

697 1117 869 1184 Gentilium
885 1123 914 1175 et
925 1117 955 1175 in
970 1135 1082 1190 signum
1098 1121 1175 1192 quod
1190 1123 1281 1182 corda

696 1197 957 1262 quantumcumque
971 1191 1042 1248 dura
1054 1191 1192 1250 deberent
1204 1211 1280 1254 com·

695 1261 753 1332 pati
770 1259 881 1320 Christo
901 1260 1043 1318 morienti.
1059 1261 1167 1322 Dicitur
1181 1271 1280 1326 autem

695 1331 772 1404 quod
795 1333 889 1390 adhuc
911 1339 1050 1405 apparent
1074 1332 1113 1392 ibi
1133 1334 1278 1408 scissura,

695 1404 876 1478 etdeponunt
889 1404 929 1462 ibi
942 1403 1084 1476 peregrini
1093 1423 1191 1466 cruces
1201 1425 1276 1467 suas.

694 1479 730 1532 Et
739 1483 912 1534 monomenta
922 1483 1020 1548 operto
1031 1483 1115 1536 sunt:
1134 1479 1170 1536 ad
1186 1479 1277 1538 deno·

695 1549 812 1605 tandum
835 1549 912 1621 quod
936 1547 1035 1605 mortis
1049 1547 1174 1607 claustra
1194 1555 1276 1610 erant

693 1625 839 1684 reserata:
856 1625 884 1676 et
898 1619 973 1691 quod
986 1619 1156 1677 resurrectio
1169 1621 1275 1681 Christi

693 1691 862 1749 stallorum
886 1706 950 1747 cum
974 1689 1036 1764 ipso
1063 1693 1275 1764 resurgentium

693 1769 755 1819 erat
770 1761 945 1835 propinqua3
963 1767 991 1819 et
1005 1762 1034 1818 in
1050 1763 1162 1836 signum
1179 1781 1275 1824 resur-

694 1833 828 1890 rectionis
843 1851 905 1906 quae
921 1839 1100 1906 exspectatur
1114 1835 1222 1894 lutura.
1239 1839 1276 1896 Et

692 1909 780 1962 multo
791 1923 905 1977 corpora
915 1909 1089 1972 Sanctorum,
1098 1911 1148 1980 qui
1156 1909 1276 1966 dormie-

691 1983 767 2046 rant,
775 1985 954 2035 surrecernnt
964 1995 982 2034 a
994 1979 1126 2048 mortuis,
1136 1997 1195 2036 non
1208 1985 1277 2040 tuuc

692 2049 806 2120 quondo
820 2055 1005 2106 monumenta
1019 2055 1207 2121 spartanum,
1222 2053 1274 2110 sci-

691 2120 757 2176 licet
771 2121 842 2177 hora
855 2119 955 2176 mortis
963 2119 1067 2178 Christi
1079 2139 1086 2189 ;
1100 2121 1149 2177 sed
1161 2123 1274 2194 quando

691 2192 857 2260 resurrexit,
873 2195 1020 2264 quiscum
1036 2209 1069 2246 eo
1089 2199 1275 2251 surrexerunt

691 2268 838 2336 umquem
854 2269 940 2320 testes
959 2281 1019 2320 suae
1035 2263 1272 2335 Resurrectionis,

691 2343 719 2392 et
736 2333 801 2391 ideo
821 2351 877 2392 non
892 2341 970 2404 anto,
988 2334 1038 2392 sed
1053 2351 1116 2393 cum
1132 2352 1166 2393 eo
1183 2336 1270 2394 debe·

690 2408 760 2464 bant
774 2423 933 2479 resurgere,
944 2413 974 2464 ut
983 2405 1076 2482 ipsum
1086 2407 1271 2466 ostenderent

691 2477 895 2548 resurrexisse;
912 2484 940 2535 et
953 2480 1008 2536 hoc
1030 2481 1161 2552 estquod
1177 2479 1272 2537 subdi·

689 2555 750 2618 tur;
767 2557 792 2606 ct
814 2555 942 2608 eeennles
962 2553 996 2608 de
1013 2555 1193 2608 monumentis
1209 2557 1271 2636 post

691 2625 923 2680 Resurrectionem
951 2625 1021 2692 ejus.
1039 2623 1066 2680 id
1093 2629 1135 2680 est
1153 2621 1271 2692 Christi,

689 2701 820 2751 nonerunt
828 2699 858 2752 in
867 2701 991 2752 sonctom
1001 2697 1152 2759 ciuitatem.
1163 2693 1271 2752 scilicet

688 2767 858 2834 Jerusalem,
870 2773 896 2822 et
908 2773 1099 2836 apparuerunt
1112 2769 1218 2828 multis.
1235 2767 1271 2824 ad

690 2837 913 2894 declarationem
929 2839 1082 2896 Dominicae
1099 2839 1273 2896 Resurrecti-

689 2909 762 2966 onis.
776 2909 855 2965 Unde
864 2909 904 2965 ait
915 2911 1111 2982 Hieronymus,
1120 2909 1196 2981 quod
1208 2925 1271 2968 cum

690 2989 876 3037 monumenta
899 2985 1000 3052 aperta
1020 2985 1099 3050 sunt,
1125 2997 1182 3038 non
1203 2985 1272 3038 aute

689 3057 917 3116 resurrexerunt,
932 3068 1019 3124 quam
1034 3057 1198 3126 resurgeret
1217 3053 1270 3110 Do-

689 3123 790 3192 minus,
812 3129 843 3180 ut
857 3129 934 3180 esset
947 3124 1152 3196 primogenitus
1168 3139 1270 3181 resur-

689 3193 826 3252 rectionis
850 3199 878 3250 et
897 3194 1026 3252 mortuis.
1048 3197 1080 3252 in
1099 3194 1270 3267 Apocalypsi

690 3269 776 3336 enim,
797 3265 926 3324 Christus
947 3265 1052 3323 dicitur
1070 3267 1272 3392 primogenitus

689 3345 858 3395 mortuorum
876 3341 904 3394 el
924 3337 952 3394 in
978 3339 1104 3409 Epistoa
1122 3337 1159 3394 ad
1177 3337 1272 3392 Corm-

689 3409 775 3478 thios,
785 3411 920 3482 primitia
928 3410 1133 3466 dormientium.
1146 3408 1212 3466 llaec
1224 3423 1273 3464 au·

689 3488 747 3539 tem
767 3497 794 3538 m
835 3479 933 3539 nitudo
956 3477 1104 3565 signorum
1128 3477 1272 3551 significat

691 3559 722 3611 ut
734 3556 808 3611 cruci
833 3569 898 3611 xum
912 3555 1061 3610 Dominum
1072 3568 1155 3610 suum
1168 3552 1270 3608 coelum

690 3631 719 3682 et
734 3629 822 3696 terra,
838 3633 866 3683 et
888 3624 986 3682 omnia
1007 3639 1070 3698 quae
1087 3625 1116 3682 in
1133 3623 1174 3680 eis
1193 3625 1270 3704 sunt,

690 3697 930 3754 demonstrarent.
951 3699 1026 3754 Voce
1044 3693 1150 3770 quippe
1168 3693 1271 3752 Christi

691 3773 840 3824 moventur
854 3768 1006 3836 elementa,
1018 3773 1047 3824 et
1060 3767 1143 3826 simul
1157 3781 1222 3822 cum
1238 3781 1272 3822 co

690 3839 750 3896 vult
766 3839 879 3895 dissolvi
892 3843 978 3911 atque
994 3839 1068 3896 liniri
1084 3840 1177 3896 omnis
1193 3853 1272 3894 crea-

692 3917 766 3967 tura.
782 3911 860 3967 Unde
884 3912 935 3967 Leo
962 3911 1039 3978 Papa
1063 3928 1069 3967 :
1091 3932 1105 3964 o
1129 3909 1276 3968 Pendente

692 3981 832 4053 siqnidem
854 3979 884 4038 in
908 3981 1034 4052 patibulo
1048 3983 1195 4050 Creatore,
1211 3979 1276 4040 uni-

691 4069 773 4110 versa
796 4057 928 4110 creatura
955 4054 1128 4126 congemuit.
1150 4053 1278 4111 Debebat
1303 4065 1307 4074 ·

693 4123 949 4182 hoctestimonium
961 4125 1144 4184 suomundus
1156 4121 1276 4192 auctori,

693 4201 724 4253 ut
739 4197 768 4252 in
781 4197 844 4269 ejus
859 4213 963 4255 occasu
978 4197 1085 4256 velient
1099 4195 1234 4255 universa
1249 4193 1279 4250 ll·

695 4267 773 4324 niri:
794 4288 808 4320 s
827 4269 889 4326 haec
908 4272 971 4327 Leo.
990 4271 1061 4326 Ecce
1078 4276 1187 4342 quanta
1204 4281 1279 4324 nunc

694 4345 814 4422 apparet
826 4342 888 4412 ejus
901 4342 1048 4468 φῗεεῑᾳε,
1062 4340 1143 4467 eiius
1154 4343 1222 4396 ante
1231 4351 1281 4406 ap·

693 4415 790 4484 paruit
804 4415 886 4468 tanta
904 4428 934 4468 m
958 4417 1067 4468 rmitas.
1110 4409 1165 4466 nde
1179 4407 1279 4468 Amei-

695 4497 777 4538 mns:
795 4500 810 4537 o
826 4482 930 4554 Etiam
944 4481 1061 4554 quidem
1073 4479 1190 4539 infirma
1205 4479 1280 4554 ejus,
