3124 5038
218 469 373 532 odonello
395 469 476 522 nott.
507 471 677 524 irrtttutt
704 469 793 524 SEPl'.
824 473 942 526 discit.
971 473 1013 526 itt
1041 473 1133 528 Mittit
1160 474 1267 528 tilieti.
1313 472 1361 529 229

133 567 205 626 tirno
220 569 350 626 convivio
367 569 401 626 de
416 573 569 642 praesentia
583 571 717 628 Veritatis

133 641 297 722 epulantur,
312 643 360 712 qni
377 659 451 698 nunc
461 642 643 714 perfectionis
658 649 717 700 stu·

132 711 182 768 dio
209 719 322 768 terrena
348 714 561 780 transcendunt,
577 731 648 784 quos
663 716 717 770 hn-

128 783 177 852 jus
194 783 292 840 muniti
309 800 390 842 amor
409 801 464 840 non
480 785 559 855 ligat,
576 785 678 856 quibus
694 786 718 842 si

132 859 288 925 utcumque
307 871 359 926 per
372 860 548 912 tentamenta
569 857 717 929 obstrepit,

132 932 227 992 coeiita
252 928 346 983 tamen
374 942 473 982 eorum
497 927 642 984 desideria
660 945 718 985 non

133 995 284 1053 retundit:
301 1019 314 1048 n
335 999 394 1054 htec
411 998 568 1068 Gregorius.

173 1072 189 1124 6
203 1069 312 1125 Duroni
328 1086 446 1126 riscsiio
465 1087 633 1128 niaicunosi
647 1089 719 1128 sius-

134 1157 190 1203 oue
207 1156 395 1197 sioriiricsrio.
406 1172 442 1184 -
453 1142 532 1199 Sicut
545 1158 613 1214 crgo
627 1142 720 1199 Domi·

135 1227 192 1266 nus
208 1210 236 1268 in
254 1211 309 1268 alia
323 1215 477 1284 piscatione
488 1213 659 1286 significavit
672 1216 720 1271 Ec·

134 1281 255 1338 clesiam
271 1284 394 1354 qualiter
412 1301 485 1340 nunc
499 1293 556 1354 est;
570 1285 610 1342 sic
622 1285 650 1342 iri
666 1287 720 1342 lioc

135 1355 200 1410 loro
211 1353 353 1436 significat
362 1371 425 1411 eain
439 1356 562 1427 qualiter
571 1358 600 1413 iu
611 1357 668 1414 tiae
679 1373 722 1414 se·

136 1425 195 1480 culi
214 1425 320 1482 scilicet
341 1426 372 1483 in
393 1427 494 1485 ultima
514 1428 721 1486 resurrectione

136 1503 329 1566 mortuorum,
353 1499 448 1555 lutura
475 1501 520 1556 sit.
543 1503 618 1556 Mare
643 1499 721 1558 enim

134 1584 265 1640 praesens
279 1569 405 1626 seculum
421 1570 530 1640 signam
544 1571 633 1638 littus,
645 1573 721 1643 quod

133 1646 180 1696 est
198 1639 262 1696 linis
274 1641 369 1708 maris,
379 1642 465 1698 tinem
479 1643 565 1700 seculi
581 1643 720 1715 designat.

134 1712 228 1780 Unde,
250 1711 288 1767 itii
308 1714 388 1770 lesus
411 1717 538 1770 ascendit
562 1714 590 1770 in
608 1732 720 1784 navem,

131 1781 203 1854 quia
218 1784 312 1840 adliuc
339 1786 368 1840 iu
388 1787 521 1842 lluctilius
543 1787 606 1842 vitae
623 1804 720 1843 corru-

132 1853 721 1936 ptiliiliscumdiscipuliscrat3hicautem

133 1942 165 1982 in
188 1925 284 1982 littore
308 1928 413 1996 stabat,
429 1931 496 1998 qnia
517 1930 576 2001 jani
601 1932 637 1986 ad
658 1935 721 1986 sta-

132 2003 199 2054 tum
218 1998 282 2054 vitae
301 1998 471 2056 immortalis
492 1999 653 2058 transierat.
680 1999 720 2057 llii

132 2085 194 2125 non
213 2067 240 2125 iii
257 2072 401 2126 dexteram
419 2070 521 2144 navigii
537 2087 627 2143 noque
641 2073 670 2127 in
686 2070 721 2128 si·

133 2142 270 2210 mistiam,
295 2141 345 2198 sed
368 2141 575 2212 indill'ereuter,
601 2142 719 2214 inquit:

133 2214 247 2269 Leonte
266 2216 336 2268 retici
362 2219 452 2270 nestro
472 2218 501 2270 in
515 2219 669 2286 captorum,
690 2221 722 2271 ut

102 2317 103 2322 κ
132 2282 330 2356 intelligamus
360 2285 449 2341 bonos
473 2293 502 2342 et
518 2285 647 2354 'malos;
675 2286 721 2342 liic

131 2359 233 2412 autem
267 2373 274 2411 2
301 2357 415 2426 itttttte,
441 2355 543 2426 inquit,
572 2361 602 2412 iri
626 2358 720 2414 deote-

132 2443 199 2482 rom
214 2429 322 2494 nauigii·
341 2434 407 2488 rete.
432 2434 464 2484 ut
480 2427 656 2500 signiticaret
672 2445 721 2485 eos

157 2497 189 2553 ni
199 2497 356 2554 stabuntad
368 2501 521 2568 dexteram,
531 2499 607 2556 solos
620 2501 718 2557 bonos.

133 2573 144 2625 l
171 2569 179 2624 i
195 2569 458 2638 numernspiscium
470 2587 527 2627 aon
542 2571 719 2642 exprimitur,

133 2643 207 2712 quia
234 2639 414 2713 multiplicati
429 2648 495 2698 suut
514 2659 599 2712 super
618 2658 719 2700 nume·

134 2728 221 2779 rum;
242 2712 288 2768 hic
315 2728 382 2769 iero
397 2718 491 2771 certus
514 2718 558 2769 est
573 2729 719 2783 numerus,

131 2783 245 2841 scilicet
274 2789 386 2840 centum
404 2785 612 2857 qninquaginta
638 2791 718 2842 tres:

103 2869 109 2880 ·
132 2857 424 2926 quinumerusliabet
434 2855 719 2927 quinquagenarium,

132 2941 188 2999 per
203 2942 287 2998 quem
299 2927 466 2998 designatur
477 2927 612 2999 jubileus,
624 2928 652 2984 in
664 2944 720 2999 qno

133 3004 258 3054 cunctus
272 2999 392 3080 populns
401 3000 437 3056 ab
451 3003 527 3055 ouini
545 3013 630 3081 opere
644 2997 720 3070 quie·

135 3069 253 3136 scobem
269 3075 297 3126 et
311 3085 429 3142 insuper
441 3071 526 3127 hahet
536 3074 590 3126 tria
604 3075 721 3142 propter

136 3139 304 3213 mysterium
320 3141 482 3209 Trinitatis;
497 3139 561 3197 ideo
573 3147 669 3198 autem
680 3141 721 3198 di·

137 3216 216 3268 ctum
241 3217 294 3280 est,
314 3211 390 3282 quod
413 3217 496 3270 erant
521 3211 629 3296 magni,
655 3215 721 3284 quia

136 3299 240 3340 omnes
259 3283 341 3341 electi
369 3283 463 3355 magni
493 3291 560 3340 sunt
576 3300 606 3339 iii
633 3299 720 3355 regno

137 3355 285 3424 coelorum,
297 3354 474 3436 licetgradus
485 3354 540 3412 sint
553 3354 668 3412 diversi.
680 3354 721 3412 lbi

138 3430 200 3483 rete
223 3431 339 3497 propter
357 3426 546 3498 significanda
567 3426 720 3484 schismata

138 3499 339 3570 rumpebatur;
354 3497 400 3554 hic
426 3514 494 3555 vero
510 3504 625 3556 nonest
649 3497 719 3555 scis·

138 3585 201 3624 sum
221 3577 293 3638 rete,
312 3571 447 3640 qnoniam
478 3567 508 3625 iii
532 3568 582 3626 illa
610 3585 722 3627 summa

137 3655 207 3712 pace
221 3640 388 3698 Sanctorum
402 3640 482 3696 nulla
493 3641 719 3698 ernntscliisma-

138 3717 177 3766 ta.
199 3713 233 3768 Et
254 3713 318 3768 ideo
335 3713 372 3768 ad
396 3713 450 3768 lioc
463 3712 721 3769 commendandum

137 3782 223 3852 valet,
240 3783 316 3854 quod
328 3783 451 3840 loannes
466 3789 532 3838 ante
543 3784 616 3838 lianc
632 3799 718 3855 appa-

137 3851 281 3922 ritionem,
309 3863 455 3926 tamquam
472 3853 559 3910 tinem
586 3853 649 3909 libri
678 3852 720 3910 sui

137 3923 307 3996 interposuit
321 3925 418 3982 dicens
434 3942 441 3981 :
458 3926 550 3982 liutto
567 3925 678 3995 quidem
696 3929 722 3981 et

137 3998 197 4051 alic
210 3999 292 4065 siqua
305 3999 462 4064 rectilocos
477 3999 507 4051 rii
520 4001 664 4067 conspectu
676 3997 721 4051 di·

137 4071 305 4139 seipntornm
332 4085 455 4132 suornm,
483 4083 544 4138 qua·
572 4084 626 4122 non
656 4072 721 4124 sunt

137 4143 242 4210 scriptu
257 4142 286 4194 in
302 4139 372 4195 liliro
388 4141 445 4202 lioc.
464 4145 542 4207 etc„
559 4139 633 4210 quod
648 4145 723 4194 esset

137 4217 223 4266 etiam
262 4221 402 4266 seciiturae
435 4209 608 4267 narrationis
643 4210 721 4284 quasi

138 4280 279 4352 quoddam
295 4279 475 4352 pmoemium.

174 4375 188 4425 7
202 4354 337 4408 Cunisrus
349 4353 458 4408 Pernen
471 4370 498 4408 iu
514 4369 583 4409 senii
596 4369 723 4409 viciniuii

140 4441 293 4481 macionus
312 4441 365 4481 soii
393 4441 561 4481 inrsnnocir
585 4441 618 4480 ns
647 4441 722 4480 niis-

774 591 870 630 ciionis
893 592 954 631 sus.
974 607 1009 618 -
1023 575 1144 632 attende
1171 575 1358 632 nihilominus

776 661 838 716 quas
866 651 1048 718 sequnntur,
1074 649 1141 717 qnia
1166 647 1358 718 pulcherrima

775 727 839 772 sunt
861 723 890 773 et
907 717 986 774 valde
1010 717 1093 775 utilia
1120 721 1200 780 Nam.
1217 721 1357 789 completo

774 787 829 844 isto
845 787 965 844 solemni
984 788 1124 856 convitio,
1146 793 1176 846 et
1195 787 1358 846 relectionis

775 859 914 916 beneficio
927 859 1059 917 omnibus
1074 859 1263 918 communiter
1281 858 1359 916 exhi-

775 928 846 1000 bito,
863 948 923 987 com
935 947 1000 1000 erqo
1015 932 1204 1003 prandissent.
1217 933 1287 988 dicit
1304 933 1358 988 lto·

775 999 870 1058 minus
883 1005 961 1058 lesus
973 1001 1136 1074 specialiter
1147 1004 1257 1061 Simoni
1267 1005 1358 1066 Petro,

775 1073 874 1130 volens
893 1075 919 1129 ei
945 1075 1074 1131 conterre
1101 1073 1270 1132 beneficium
1290 1087 1361 1158 spe-

776 1143 847 1201 ciale
864 1167 870 1202 :
887 1145 983 1202 Simon
1008 1147 1133 1214 loannis,
1153 1144 1261 1203 scilicet
1272 1145 1359 1214 lilius,

776 1216 875 1288 diligis
888 1233 929 1272 me
942 1219 1005 1288 plus
1025 1219 1079 1288 liis,
1094 1216 1123 1273 id
1139 1223 1182 1274 est
1198 1215 1258 1288 plus
1273 1231 1360 1290 quam

777 1285 822 1343 isti
835 1303 878 1344 ine
887 1287 1032 1361 diligunt?
1041 1289 1125 1357 Quasi
1135 1288 1337 1346 Petrodiceret
1350 1305 1358 1344 ε

777 1358 849 1426 Quid
866 1359 935 1416 milii
955 1359 1046 1429 dabis,
1062 1359 1131 1432 quid
1151 1359 1220 1416 milii
1236 1364 1361 1432 presta-

778 1431 832 1498 bis,
848 1431 915 1502 quia
929 1431 1023 1503 diligis
1039 1431 1108 1488 mel
1124 1431 1175 1490 Ubi
1192 1432 1329 1488 Atratinus
1350 1449 1357 1488 :

779 1522 792 1554 ι
808 1503 920 1574 ilystice
935 1511 1029 1559 autem
1050 1503 1147 1561 Simon
1161 1503 1298 1571 obediens,
1311 1504 1360 1559 Jo-

778 1589 867 1629 annes
877 1577 971 1642 qratia
984 1574 1087 1630 dicitnr
1096 1591 1103 1642 3
1113 1574 1213 1630 merito
1228 1589 1296 1646 ergo
1311 1589 1358 1629 no·

778 1644 854 1701 mine
869 1651 995 1708 iocatur,
1015 1645 1044 1702 id
1059 1655 1100 1702 est
1122 1646 1249 1702 obediens
1263 1647 1358 1714 gretie

777 1715 838 1784 Dei,
865 1724 896 1773 nt
923 1717 1179 1787 ostendeturquod
1200 1715 1358 1773 ardentiori

779 1787 855 1844 illum
872 1787 990 1845 caritate
1010 1786 1200 1856 amplectitur,
1224 1803 1281 1844 nou
1298 1803 1358 1844 me·

776 1858 822 1914 riti
832 1859 959 1928 hnmani,
969 1857 1111 1917 seddivini
1122 1875 1185 1916 esse
1195 1857 1331 1916 muneris.
1343 1879 1357 1911 ii

778 1931 937 2002 interrogat
960 1930 1097 1988 Dominus
1123 1947 1160 1988 aa
1189 1946 1219 1988 se
1247 1929 1358 2000 diligat,

778 2017 861 2070 quem
893 2017 1006 2074 sempor
1032 2007 1061 2059 et
1086 2003 1192 2074 ubique
1221 2001 1360 2072 majorem

777 2072 884 2128 amoris
894 2073 1072 2130 allectionem
1088 2089 1196 2144 ergase
1207 2072 1359 2128 ostendere

778 2143 891 2200 videbat
909 2161 916 2200 :
940 2146 1035 2202 Simon
1052 2146 1177 2208 loannis,
1194 2141 1297 2214 inquit,
1312 2144 1359 2199 di·

778 2215 843 2282 tinto
857 2231 899 2271 me
913 2217 979 2342 plus
998 2218 1051 2281 liis,
1069 2213 1116 2286 qui
1135 2215 1174 2271 tui
1194 2213 1300 2271 amoris
1316 2215 1359 2270 al-

776 2285 879 2342 lectum
896 2303 911 2358 p
926 2303 958 2344 us
972 2302 1059 2358 quam
1074 2285 1103 2342 hi
1117 2285 1191 2343 circa
1206 2301 1252 2342 me
1266 2289 1358 2342 osten·

777 2357 890 2414 distin
910 2373 965 2430 quo
989 2362 1107 2440 apparet
1128 2357 1209 2440 quod·
1228 2356 1285 2440 ille,
1308 2357 1358 2484 gui

777 2427 891 2500 eligitur
904 2429 941 2486 ad
955 2429 1082 2486 ottleium
1102 2429 1285 2499 praelattonis‚
1327 2443 1358 2485 e-

777 2500 824 2556 bet
845 2499 964 2573 diligere
990 2502 1081 2558 Deum
1107 2513 1166 2572 pre
1189 2497 1303 2568 ceteris,
1330 2505 1359 2556 ot

777 2571 865 2642 quod,
881 2571 980 2628 ceteris
995 2571 1123 2644 paribus,
1137 2571 1239 2628 melior
1253 2576 1282 2626 et
1295 2586 1358 2643 per·

776 2642 877 2699 lectior
904 2643 988 2700 debet
1014 2641 1121 2715 praetici
1145 2641 1175 2698 in
1196 2641 1357 2714 prelatum,

776 2713 844 2785 qnia
863 2715 999 2772 Dominus
1013 2713 1178 2797 requirebat
1195 2729 1213 2770 a
1236 2715 1356 2786 praelici-

776 2787 860 2855 endo‚
873 2801 909 2842 aii
929 2787 992 2858 plus
1010 2786 1143 2856 diligeret
1159 2800 1236 2852 eum,
1251 2791 1279 2841 et
1313 2783 1358 2842 lus

776 2856 895 2938 haberet
910 2855 1047 2939 caritatis,
1065 2872 1128 2939 quae
1148 2862 1191 2938 est
1215 2800 1358 2937 vincuqflum

776 2927 1361 3080 tttstlltialtlstaltittt'tttti

776 3069 1042 3138 excellentiorem,
1059 3075 1087 3126 et
1103 3070 1137 3126 sd
1154 3067 1237 3140 plura
1251 3084 1284 3126 ac
1303 3083 1362 3125 me·

773 3141 836 3212 jora
856 3146 884 3196 et
902 3140 993 3212 magis
1015 3141 1106 3198 ardua
1127 3143 1240 3196 tenetur
1257 3139 1359 3212 prele-

776 3217 831 3274 tus,
845 3227 928 3283 quam
943 3211 1115 3284 quicumque
1129 3209 1258 3268 subditus
1272 3227 1279 3266 :
1291 3211 1361 3282 quia

776 3282 848 3340 sicut
864 3299 895 3340 se
910 3285 996 3341 habet
1007 3282 1102 3339 anima
1115 3283 1152 3338 ad
1162 3297 1266 3354 corpus
1280 3280 1358 3353 quod

776 3353 860 3426 regit,
880 3359 908 3411 et
921 3355 994 3411 ratio
1013 3355 1049 3411 ad
1064 3354 1138 3410 vires
1153 3351 1312 3423 interiores,
1328 3359 1357 3408 et

776 3430 873 3498 pastor
887 3427 922 3482 ad
937 3441 1062 3498 gregem.
1079 3431 1108 3483 et
1122 3426 1207 3482 liomo
1222 3423 1258 3480 ad
1273 3425 1357 3480 bruta

776 3496 925 3566 animalia3
936 3497 977 3554 sic
990 3513 1021 3554 se
1035 3497 1120 3554 debet
1133 3497 1238 3552 habere
1254 3495 1355 3567 prela·

776 3573 820 3625 tus
835 3569 870 3626 ad
886 3568 1023 3626 subditos.
1035 3571 1069 3626 Et
1081 3567 1145 3625 ideo
1158 3566 1269 3623 videtur
1281 3565 1356 3637 qnod

777 3639 824 3696 ille
839 3639 887 3712 qui
912 3640 1034 3712 aliquem
1057 3639 1137 3711 eligit
1156 3638 1193 3695 ad
1212 3638 1270 3694 tale
1292 3637 1356 3694 olli-

776 3709 862 3780 cinm,
875 3717 988 3768 tenetur
999 3726 1112 3794 semper
1126 3709 1231 3778 eligere
1250 3707 1357 3766 melio-

776 3797 856 3838 rem:
872 3791 1040 3838 nontamen
1059 3779 1228 3852 intelligitur
1244 3779 1356 3852 melior,

776 3853 937 3921 litteratior,
956 3853 997 3909 iel
1015 3851 1152 3921 astutiam
1173 3851 1223 3908 sed
1237 3851 1285 3908 ille
1298 3851 1357 3924 qui,

777 3926 908 3981 omnibus
923 3922 1134 3981 conditionibus
1147 3923 1281 3993 pensatis,
1298 3940 1359 3980 me·

778 3994 834 4051 lior
852 4003 896 4051 est
923 3997 958 4051 ad
979 3995 1036 4051 tale
1056 3994 1192 4062 officium,
1206 3995 1242 4050 ad
1268 3996 1359 4051 liono-

778 4082 839 4122 rem
853 4063 903 4122 Dei
916 4071 945 4123 et
954 4066 1106 4123 utilitatem
1120 4064 1260 4122 Ecclesiae.
1271 4067 1362 4123 Aliter

779 4137 971 4208 remeligens
987 4139 1029 4194 tel
1047 4151 1229 4209 promovens,
1246 4153 1303 4192 uon
1320 4135 1360 4192 vi-

780 4207 1362 4280 deturjudiciumditinumevadore.0uod

780 4291 887 4348 anterii,
908 4280 1062 4336 secundnm
1086 4281 1164 4351 jura,
1183 4278 1288 4334 suflicit
1307 4277 1360 4333 eli-

779 4368 846 4422 gere
859 4355 962 4409 liniiuin
981 4361 1008 4408 et
1025 4351 1169 4416 idoneum,
1186 4351 1238 4405 lioc
1253 4354 1297 4404 est
1309 4363 1361 4403 se-

779 4423 902 4480 cundum
925 4423 1062 4494 judiciuin
1091 4423 1274 4492 humanum,
1309 4434 1361 4492 per
