3104 5034
222 392 269 444 ‘285
538 383 693 438 SECUNDAE
721 383 842 438 illlis
871 384 977 438 uitur
1005 339 1140 437 tlt‘xxli

223 497 298 554 cium
314 493 468 564 modicum,
482 491 563 564 quasi
582 490 667 548 uuius
682 490 809 563 capellae,

225 568 300 640 quod
316 571 466 640 postquam
490 563 552 636 quis
568 562 730 630 intraverit,
759 562 810 618 de·

225 639 370 698 scanditur
384 654 434 710 por
448 633 773 709 gradusquinqueginta
783 637 811 690 in

227 711 375 768 ecclesium
386 710 422 766 ad
434 707 626 778 sepulchrum,
638 707 686 762 ubi
698 713 741 762 est
752 704 812 777 pul·

225 783 398 840 cherrImum
412 781 700 836 altaremarmoreum
715 781 744 832 el
753 792 813 848 cry-

227 861 286 927 pta,
295 871 328 910 ac
341 854 461 924 desuper
473 850 614 906 aedillcata
624 847 744 904 ecclesia
753 847 814 928 pul-

228 926 371 984 cherrima
391 921 524 990 rotunda,
539 925 568 978 at
589 920 717 978 tabulatu
744 920 813 990 lapi·

226 998 279 1054 deo
293 996 414 1052 discreta
427 993 456 1049 iii
469 995 607 1050 honorem
619 991 706 1064 ipsius
717 993 811 1047 Beatae

228 1067 352 1140 Virginis
369 1064 513 1134 dedicala;
535 1065 614 1136 cujus
635 1065 663 1119 in
685 1061 812 1136 superio·

226 1141 304 1198 ribus
319 1145 442 1209 quatuor
459 1137 601 1193 habentur
616 1133 727 1203 altaria,
741 1138 769 1190 et
782 1131 811 1189 iii

228 1209 411 1270 inferioribus
423 1223 511 1266 unum
526 1209 555 1262 in
566 1205 704 1264 Orientali
719 1204 811 1276 plaga;

226 1288 254 1342 el
264 1284 299 1340 ad
311 1282 456 1338 dexteram
472 1283 685 1336 monumentum
694 1292 812 1334 vacuum

228 1353 366 1422 cernitur,
390 1352 420 1408 in
444 1367 500 1424 quo
524 1359 622 1408 sancta
646 1347 733 1406 illaria
755 1347 812 1404 ali-

229 1426 342 1499 quando
356 1439 492 1498 pausasse
514 1421 628 1491 dicitur,
644 1421 694 1477 sed
716 1435 734 1478 a
755 1435 812 1490 quo

227 1498 271 1556 iel
287 1497 400 1570 quando
417 1495 453 1552 sit
467 1495 572 1564 oblata,
589 1492 723 1550 nescitur.
736 1494 812 1548 llanc

229 1569 379 1628 ecclesiam
395 1569 547 1636 intrantes,
564 1565 663 1623 rident
687 1564 723 1621 ad
740 1565 812 1620 dex-

228 1647 320 1700 teram
349 1642 486 1698 insertam
512 1640 615 1711 parieti
640 1641 762 1708 petram,
784 1637 811 1692 in

228 1731 283 1786 qua
299 1712 436 1770 Dominus
453 1717 545 1774 nocte,
562 1725 620 1780 oua
633 1708 810 1772 tradebatur,

228 1785 328 1845 oravit,
349 1780 477 1850 vestigiis
496 1796 621 1852 genuum
640 1778 721 1850 quasi
739 1793 811 1834 cerae

227 1856 305 1914 molli
332 1852 488 1926 impressis.
511 1854 545 1908 Et
573 1851 703 1908 solebant
729 1848 758 1906 in
778 1865 812 1906 ea

230 1943 292 1985 esse
312 1925 441 1982 monachi
457 1923 531 1996 nigri
551 1939 613 1980 cuni
630 1923 751 1990 Abbate,
771 1937 812 1978 se·

228 2000 352 2058 cundum
370 1996 497 2069 regulam
510 1995 586 2052 beati
596 1993 744 2052 Benedicti
757 1995 811 2050 Do-

230 2074 307 2129 mino
323 2069 490 2126 servientes.

265 2165 279 2202 a
310 2146 359 2200 Pis
386 2158 517 2198 urrunnun
547 2155 749 2196 corroniniraa
779 2154 813 2194 sn

228 2233 322 2273 cuiun
341 2231 488 2272 issuiirri.
506 2243 537 2256 -
556 2211 622 2280 Sed,
636 2227 691 2282 quo
715 2208 814 2266 ordine

229 2281 815 2413 BeataVirgohincadsupernatrausierit

228 2375 327 2430 regna,
336 2375 374 2414 nu
388 2359 415 2414 la
426 2355 566 2414 calholica
575 2359 672 2410 narrat
683 2353 812 2410 historia.

230 2433 285 2488 Nec
312 2429 455 2486 invenitur
480 2427 555 2498 apud
581 2425 694 2482 Latinos
712 2423 814 2497 aliquis

231 2506 416 2557 tractatorum
441 2499 476 2554 de
500 2499 563 2569 ejus
592 2504 681 2553 morte
707 2495 814 2567 aliquid

231 2577 327 2642 aperte
339 2569 453 2637 dixisse,
465 2584 530 2624 cum
542 2583 594 2622 nec
606 2567 666 2638 ipse
679 2567 726 2638 qui
741 2569 814 2623 bano

231 2648 297 2700 ante
310 2656 423 2697 crucem
439 2637 549 2695 Domini
560 2637 668 2708 accepit
682 2642 813 2709 insuam,

229 2713 259 2770 id
285 2717 328 2770 est
345 2715 468 2770 loannes
487 2708 675 2781 Evangelista,
700 2709 735 2766 de
761 2712 814 2766 boc

229 2783 352 2915 posteris
370 2780 477 2854 aliquid
496 2781 678 2839 retinendum
702 2780 815 2910 scriEtis

241 2857 334 2932 egitur
357 2855 517 2913 mandasse.
540 2853 638 2910 Nullus
662 2852 738 2910 enini
781 2870 814 2910 oc

230 2929 344 2987 fidelius
359 2943 477 2986 narrare
496 2925 598 2999 potuit,
612 2925 635 2981 si
652 2924 722 2983 illud
741 2927 815 2983 Deus

230 2997 814 3070 manifestareioluisset,qoamilleutique

230 3073 279 3146 qui
295 3075 368 3129 lianc
384 3070 564 3128 nutriendam
574 3068 707 3138 suscepit.
718 3071 815 3126 Restat

229 3161 308 3218 argo,
326 3149 357 3200 ut
370 3145 455 3200 liomo
468 3159 527 3198 non
541 3139 815 3211 mendaciterllngat
837 3175 839 3183 .

229 3221 370 3288 apertum,
393 3215 468 3286 quod
493 3216 566 3271 Deus
592 3211 680 3269 voluit
698 3229 815 3270 manere

231 3289 382 3346 occultum.
398 3287 476 3343 Unde
488 3289 669 3355 Hieronymus
686 3303 694 3340 ε
711 3305 725 3337 ii
739 3286 815 3340 blon-

231 3365 338 3418 stralur
356 3363 450 3415 autem
467 3357 653 3429 Sepulchrum
673 3355 734 3427 ejus
751 3372 813 3412 cer-

229 3432 363 3489 nentibus
383 3429 474 3496 nobis,
490 3443 581 3494 usuue
595 3428 631 3484 ad
644 3443 770 3498 praeseiis
785 3427 815 3484 in

231 3503 311 3560 valtis
323 3502 461 3570 losapbal
475 3499 584 3567 medio;
599 3515 662 3570 quae
678 3499 757 3555 vallis
770 3505 815 3556 est

229 3574 304 3632 inter
319 3580 444 3630 montem
461 3569 815 3635 Siou,etmontem01ive·

229 3644 251 3703 li
268 3646 371 3718 posita,
386 3643 434 3702 ubi
448 3642 476 3700 in
493 3643 554 3715 ejus
569 3642 707 3698 honorem
720 3641 814 3698 labri-

229 3726 292 3774 cata
310 3725 354 3776 est
374 3714 493 3773 ccclesia
512 3713 585 3772 miro
603 3715 731 3771 tabulatu
746 3713 815 3786 lapi·

228 3787 294 3856 deo,
304 3789 333 3844 iii
346 3805 401 3860 quo
412 3789 522 3860 sepulta
535 3786 623 3844 luisse
636 3787 671 3843 ab
682 3785 814 3843 omuibus

230 3858 335 3916 ibidem
348 3859 531 3939 praedicatur,
544 3860 593 3916 sed
606 3874 680 3916 nunc
694 3873 813 3915 vacuum

227 3933 410 3986 cernentibus
429 3931 610 3987 ostenditur:
628 3933 688 3987 liaec
707 3929 813 3986 idcirco

228 3999 359 4068 dixerim,
374 4003 441 4073 quia
456 4001 536 4057 multi
551 4007 713 4058 nostrorum
730 4003 812 4058 dubi·

229 4077 291 4130 tant
301 4078 396 4130 utrum
404 4079 549 4144 assumpta
559 4072 645 4129 luerit
656 4073 738 4130 simul
749 4089 812 4130 cum

230 4161 359 4220 corpore,
379 4161 415 4202 aii
436 4142 550 4212 obierit,
565 4143 665 4200 relicto
682 4161 811 4218 corpore.

227 4219 373 4288 Quomodo
381 4216 538 4284 autem,iel
549 4230 606 4286 quo
614 4220 753 4288 tompore,
764 4223 813 4271 aut

227 4308 244 4348 a
259 4291 363 4364 quibus
382 4287 512 4363 personis
527 4285 739 4344 sanctissimum
752 4303 813 4344 cor·

226 4377 278 4434 pus
291 4363 353 4436 ojus
367 4363 434 4420 inda
447 4359 574 4418 ablatum
591 4357 686 4429 luerit,
699 4359 743 4416 iel
762 4359 809 4416 ubi

868 491 1222 562 transpositum,utrumve
1237 490 1437 558 surrexerit,oe

868 565 973 631 scitur;
988 562 1118 633 quamvis
1132 561 1263 620 nonnulli
1274 569 1397 618 astruere
1405 580 1439 618 rc·

868 633 920 689 lint
941 650 1004 690 eam
1022 635 1082 704 jam
1102 633 1316 701 resuscitatam,
1332 639 1359 689 et
1373 635 1440 689 beata

867 703 1441 773 cumeristoimmortalitate,incoelesti·

867 777 919 833 bus
934 777 1042 834 vestiri.
1054 779 1257 834 Verumtamen
1271 777 1342 848 quid
1357 778 1441 832 borum
1506 809 1507 814 κ

867 849 963 904 ieritis
977 853 1139 917 conseatur,
1148 850 1345 920 ambigimus;
1359 848 1442 904 melios

867 923 963 976 tamen
980 921 1049 989 Deo,
1064 919 1108 976 cui
1123 919 1194 977 niliil
1210 919 1388 992 impossibile
1400 927 1442 986 est,

868 990 1080 1061 committimus,
1103 1007 1190 1064 quam
1212 992 1328 1064 aliquid
1353 996 1444 1048 temera

868 1061 992 1120 diliinire
1014 1063 1134 1120 velimus
1152 1063 1332 1121 auctoritate
1353 1069 1443 1129 nosue,
1507 1061 1508 1086 ¹

868 1133 944 1204 quod
959 1135 1113 1205 probamus
1129 1152 1136 1192 ι
1152 1155 1167 1186 o
1183 1136 1245 1192 liaec
1261 1138 1443 1204 Hieronymus.

867 1207 907 1262 De
922 1206 977 1262 lioo
987 1207 1162 1275 ,inpositura
1172 1206 1201 1263 in
1213 1207 1444 1280 quodamscrno

869 1293 903 1334 ne
923 1279 1008 1350 longo
1027 1278 1101 1336 inter
1124 1283 1219 1336 cetera
1240 1277 1285 1335 sic
1306 1278 1386 1344 dicit,
1400 1293 1443 1334 noo

867 1354 963 1405 tumen
984 1350 1162 1407 asserendo:
1184 1371 1198 1402 r
1218 1353 1260 1408 De
1281 1349 1444 1408 sauciis-ino

868 1421 1445 1494 eorporeperpatuaevirginisldariaeejus

868 1507 923 1564 que
939 1509 1028 1550 sacrae
1043 1492 1146 1550 animia
1163 1499 1365 1578 assumptione
1381 1493 1444 1562 loqui

868 1562 1445 1646 suscipienteshocipsumdicimus,quod
1509 1589 1510 1612 1

868 1639 897 1692 in
911 1638 989 1708 Scrip
1003 1637 1063 1694 uris
1077 1642 1226 1710 postquam
1239 1639 1381 1696 Dominus
1395 1651 1443 1692 caui

867 1707 897 1764 in
910 1723 993 1766 cruce
1007 1709 1145 1780 discipulo
1158 1709 1375 1768 commendarit
1389 1705 1443 1764 nibil

868 1781 903 1862 de
925 1797 959 1836 ea
978 1781 1129 1852 reperitur,
1146 1791 1252 1854 praeter
1273 1783 1353 1856 quod
1373 1783 1444 1836 Lucas

866 1867 897 1907 iii
915 1850 1031 1908 Actibus
1048 1858 1263 1924 commemorat,
1280 1853 1378 1911 dicens
1394 1869 1400 1907 z
1417 1851 1443 1906 lli

868 1939 958 1980 omnes
974 1929 1051 1980 arom
1063 1932 1268 1996 perseuerantes
1288 1926 1444 1982 iinontmdu

867 1997 897 2050 iri
913 1998 1037 2052 oratione
1055 2013 1115 2051 cum
1131 1999 1310 2068 mulieribus,
1327 2003 1353 2054 et
1368 1995 1443 2052 llario

869 2069 958 2123 Matre
970 2070 1043 2124 lesu.
1058 2067 1130 2136 Quid
1145 2083 1212 2140 ergo
1224 2069 1259 2126 de
1278 2063 1443 2139 morte,quid

869 2138 904 2194 de
930 2139 1121 2210 assumptione
1145 2143 1207 2212 ejus
1226 2141 1383 2199 dicendum
1402 2143 1443 2201 est,

869 2209 945 2267 unde
959 2211 1103 2283 Scriptura
1116 2211 1186 2269 nibil
1199 2214 1390 2280 commendat,
1401 2207 1442 2266 nis'

870 2285 1056 2354 quaerendum
1071 2283 1192 2354 ratione,
1207 2286 1284 2356 quod
1299 2281 1443 2342 consentiat
1511 2319 1512 2342 i

870 2353 1001 2412 veritati?
1015 2356 1076 2412 Fiat
1095 2372 1163 2429 ergo
1182 2355 1245 2429 ipsa
1263 2357 1381 2426 veritas,
1394 2353 1444 2409 sine
1511 2345 1513 2413 l

870 2442 927 2498 qua
939 2443 991 2482 uec
1002 2427 1077 2484 valet
1088 2433 1253 2486 auctoritas.
1261 2431 1399 2487 tlemores
1410 2441 1443 2480 ei·

875 2498 1443 2568 goconditionishiimanae,mortemillam

871 2569 1046 2628 Beatissimae
1069 2573 1256 2656 temporalem
1280 2573 1377 2631 dicere
1397 2583 1442 2626 nori

871 2643 1040 2725 metiiimus3
1054 2643 1103 2700 sed
1114 2661 1137 2700 si
1148 2661 1210 2702 cani
1221 2643 1345 2702 dicimus
1355 2641 1443 2702 resolir

870 2717 928 2770 tam
944 2729 973 2770 iii
987 2729 1167 2774 communem
1203 2716 1376 2784 utredinem,
1388 2727 1443 2769 ver-

872 2801 956 2854 mem,
971 2801 1004 2842 ac
1018 2786 1155 2858 cinerum,
1189 2789 1387 2847 eliberaudum
1398 2789 1442 2850 esb

1510 2421 1513 2507 l

1510 2531 1513 2609 l

870 2857 894 2912 si
917 2865 1003 2914 tantae
1021 2863 1172 2916 conveniat
1200 2861 1358 2930 sanctitati,
1370 2861 1442 2916 unia
1511 2842 1514 2908 l

870 2927 942 2985 aulae
965 2929 1011 2986 Dei
1026 2931 1235 3014 prerogativae.
1252 2932 1364 2990 Scimus
1380 2927 1442 2986 ruini
1512 2933 1513 2940 ’

870 2999 975 3056 dictum
989 3017 1081 3074 primo
1094 3003 1296 3075 parentinum
1311 3004 1402 3077 puluis
1412 3013 1440 3062 rb

869 3075 895 3126 et
908 3075 938 3128 in
950 3075 1090 3145 puluerem
1102 3080 1263 3146 reuerteris;
1277 3075 1353 3133 hanc
1363 3067 1443 3132 condi

870 3144 977 3225 tionem
993 3160 1060 3202 caro
1073 3147 1176 3204 Cbristi
1193 3149 1293 3216 evasit,
1308 3165 1372 3220 quae
1387 3158 1442 3202 roi-

869 3219 1032 3287 ruptionem
1058 3233 1115 3274 non
1143 3214 1294 3288 sustinuil;
1321 3215 1443 3290 excipitur

870 3288 993 3370 ergoab
1021 3287 1068 3346 illa
1095 3289 1221 3362 generali
1241 3291 1393 3358 sententia,
1415 3284 1443 3342 dt

870 3359 1112 3442 Virgineusumpta
1128 3367 1240 3420 natura.
1256 3361 1367 3420 blulicri
1380 3373 1442 3433 qut·

870 3445 925 3502 que
938 3433 1007 3486 dixit
1020 3433 1093 3489 Deus
1103 3450 1110 3490 :
1120 3435 1442 3506 multiplicabor-urinis

870 3509 933 3557 tuos
958 3521 967 3557 ε
993 3505 1022 3558 in
1045 3505 1139 3560 dolore
1163 3509 1271 3578 portam
1298 3515 1441 3564 aerumnam

870 3577 968 3655 sancta
980 3575 1069 3632 blaria
1082 3577 1226 3646 sustinuit,
1236 3578 1317 3648 cujus
1331 3577 1442 3634 animam

869 3644 981 3716 gladius
994 3647 1137 3705 Passionis
1147 3647 1251 3706 Christi
1261 3643 1441 3721 pertransirib

871 3716 928 3799 sad⁸
945 3717 1006 3800 sine
1028 3721 1126 3777 dolore
1151 3721 1250 3793 genuit
1268 3721 1370 3790 Maria,
1386 3729 1440 3788 argo

870 3795 1008 3862 excipitur
1030 3807 1047 3848 a
1069 3791 1238 3864 quibusdem
1261 3791 1440 3864 generalibus,

870 3875 955 3944 quani
971 3866 1050 3919 tanta
1064 3863 1169 3920 attollit
1185 3863 1332 3932 diguitatis
1349 3875 1441 3935 praeio·

869 3937 973 4002 gativa.
990 3935 1018 3992 Si
1035 3951 1103 4007 ergo
1117 3951 1180 3993 eain
1196 3935 1318 3992 dicimus
1334 3943 1440 3993 mortem

870 4005 998 4076 subiisse,
1009 4023 1060 4063 nec
1073 4017 1167 4064 tamen
1182 4007 1301 4065 vinculis
1315 4008 1376 4064 e'us
1391 4000 1441 4063 reti·

870 4077 950 4160 neri,
957 4078 1093 4150 numquid
1105 4078 1222 4152 impium
1238 4025 1356 4138 siritii
1371 4071 1443 4158 voluit

869 4147 1442 4224 Dominusintegramttatremvirginitatis

869 4234 982 4278 servare
998 4225 1119 4295 pudore,
1137 4227 1166 4281 et
1184 4240 1235 4281 cur
1254 4239 1311 4281 non
1329 4223 1396 4280 ielit
1412 4220 1443 4276 in·

869 4299 1031 4366 corruptam
1045 4311 1160 4352 servare
1174 4311 1192 4354 a
1206 4293 1366 4368 putredinis
1378 4295 1443 4352 luto

868 4363 925 4418 rel
944 4365 1085 4438 Numquid
1104 4381 1161 4425 non
1177 4365 1301 4440 partinet
1317 4367 1354 4424 ed
1370 4361 1443 4425 lieni·
