2974 5040
323 417 366 472 DE
392 416 512 475 sexti,
541 415 573 467 ll‘
602 413 764 470 cassiolo
792 411 926 468 bouill.
1199 413 1241 468 tou

15 527 79 584 batt
90 527 162 582 Erat
174 525 255 582 enirn
266 522 306 579 illi
317 519 390 578 iliius
399 519 429 576 in
440 519 540 588 latere,
552 519 602 575 sed
658 517 828 582 stitiam,ore
837 519 1022 576 coutlteretnr
1032 519 1068 576 ad
1085 519 1214 578 salutem.
1228 541 1242 570 u

15 597 140 654 irrerebat
158 596 190 652 in
209 594 306 652 corde.
325 591 435 649 »Unde
450 605 604 648 conuersus
659 591 737 646 Unde
751 595 780 645 et
794 590 868 646 Beda
884 609 893 646 .·
909 609 923 642 ii
937 589 1008 658 Quis
1018 591 1104 662 hujus
1119 591 1239 648 latronis

15 671 118 725 dicebat
132 669 175 722 od
196 671 306 733 lesum,
323 663 371 736 qui
388 662 466 720 norit
478 677 604 734 praecor·
658 660 786 718 animum
811 677 869 717 non
886 659 1024 718 miretur?
1038 665 1097 720 lino
1109 662 1239 734 juvantis

15 741 56 796 dia
70 758 77 794 :
92 743 237 796 Memento
255 739 319 802 iusi,
335 737 457 802 bomine,
478 735 544 790 durii
560 749 604 788 ue·
659 731 771 789 Domini
785 731 991 804 gratiamqois
1002 731 1087 804 digne
1102 733 1238 802 miratum

15 814 83 866 ieris
99 815 268 880 lurconum
287 815 375 864 tuum.
392 805 540 863 Manifesta
554 821 605 877 pa·
659 803 747 875 digna
772 803 928 886 gratiarum
945 803 1056 861 actione
1071 807 1242 862 veneretur?

15 889 62 950 tot,
83 884 164 953 quod
188 897 251 938 nori
272 879 443 951 loquebatur
461 877 497 934 de
516 893 605 948 regno
660 876 720 946 llle,
736 891 785 946 qui
800 875 911 932 talisiid
923 891 1036 932 crucem
1048 876 1124 932 venit
1136 893 1168 932 ci
1182 877 1241 933 rul-

15 953 179 1025 temporali,
198 951 251 1009 sed
266 955 392 1018 aetern03
412 965 470 1005 non
486 948 521 1005 de
534 963 604 1020 prie-
659 963 706 1019 pa,
727 963 791 1003 cccc
814 946 905 1018 qualis
928 963 946 1002 a
971 963 1054 1004 eruce
1079 947 1187 1004 recedit
1208 965 1240 1004 ei

15 1032 94 1094 senti,
111 1024 164 1081 sed
181 1025 292 1081 tuturo.
310 1023 412 1092 ldagna
433 1019 506 1076 tides
520 1019 605 1090 hujus
659 1017 761 1091 gratia,
774 1017 1143 1087 confitebaturllominum,
1156 1035 1240 1089 quein

16 1097 134 1153 latronis
152 1096 209 1152 luit
230 1093 321 1177 :qnia
346 1109 403 1149 non
428 1091 531 1148 timore
552 1093 604 1148 Ju-
660 1089 773 1146 uidebat
799 1105 895 1146 secum
922 1089 1047 1147 huinana
1073 1089 1240 1148 inilrriiitate

16 1169 145 1224 diuorum
161 1171 335 1234 astantium,
351 1179 405 1220 nec
424 1160 532 1236 proprii
557 1163 604 1218 do·
660 1160 839 1229 morientem,
866 1161 981 1232 quando
1003 1161 1146 1234 negabant
1170 1164 1240 1234 Apo·

17 1239 83 1296 loris
91 1238 267 1307 acerbitate,
276 1253 328 1293 nec
341 1233 464 1292 sociisui
477 1233 605 1306 blasphe·
660 1233 725 1288 stoli
743 1247 819 1314 eum,
838 1247 922 1304 quern
944 1233 1082 1290 miracula
1110 1233 1242 1290 videraut

22 1310 154 1378 natione,
182 1326 238 1366 nec
266 1306 361 1365 carnis
389 1303 493 1364 Christi
521 1320 607 1376 appa·
660 1303 757 1360 divina
768 1307 872 1360 uirtute
884 1303 1153 1361 lerientemziibaeo
1165 1306 1240 1362 Beda

21 1387 96 1438 iente
116 1379 304 1448 infirmitate,
329 1393 382 1435 neo
405 1375 606 1459 Apostolorum
660 1377 701 1432 'lu
715 1381 810 1432 autern
823 1374 863 1430 sic
875 1391 957 1432 orare
970 1382 1049 1446 potes
1060 1392 1067 1432 :
1078 1377 1192 1433 Obsecro
1205 1383 1240 1441 te,

21 1453 83 1523 luga
97 1457 126 1509 et
145 1451 315 1525 negatione,
331 1449 487 1507 retrahitur
500 1463 518 1504 a
531 1463 605 1503 veri·
660 1450 783 1516 Domine,
799 1447 836 1502 do
860 1448 931 1501 midi·
942 1449 1033 1518 primo
1056 1463 1116 1503 oum
1138 1449 1244 1505 latrone

22 1525 83 1579 tatis
97 1541 146 1580 sen
162 1539 243 1580 uerae
261 1523 327 1578 iidci
339 1519 534 1587 contessione;
550 1535 605 1575 un·
661 1521 713 1574 isto
729 1523 755 1574 te
770 1533 937 1587 coenoseere,
952 1523 978 1574 et
991 1519 1091 1574 deinde
1104 1521 1144 1575 ste
1159 1525 1184 1574 te
1199 1537 1242 1576 eo·

20 1595 53 1650 de
74 1595 124 1652 snit
143 1594 172 1652 ei
198 1592 337 1651 remissio
362 1591 452 1662 culpae
472 1597 501 1648 et
519 1590 606 1648 totius
660 1605 791 1660 enascens
815 1605 858 1646 iiie
885 1592 957 1646 siem
984 1605 1046 1646 ueie
1076 1595 1244 1661 peecatorem

23 1682 116 1734 poenae.
127 1669 258 1739 Apparet
270 1662 385 1738 quidem
399 1662 445 1720 iiie
456 1661 531 1718 illius
542 1677 607 1718 con·
660 1664 783 1731 confiteri
810 1667 837 1716 et
860 1663 1040 1731 maurilionis
1058 1665 1094 1724 te,
1110 1665 1160 1733 qai·
1184 1665 1244 1718 siue

25 1737 110 1794 versio
126 1738 222 1810 quoad
240 1736 374 1810 plurima.
391 1737 496 1798 Primo,
512 1734 606 1806 quoad
660 1735 743 1805 culpo
763 1749 864 1805 possus
877 1747 905 1788 cs
926 1733 1023 1804 justus
1042 1747 1093 1806 pro
1118 1734 1242 1804 injustis.

25 1811 176 1874 protectum
197 1809 341 1876 caritatis,
361 1821 447 1878 quam
471 1805 607 1862 vivaciter
659 1806 824 1875 dissiderem,
840 1821 941 1875 quaeso,
959 1807 1086 1876 Dominm
1105 1811 1199 1877 petum
1218 1811 1244 1863 et

27 1879 53 1934 in
69 1889 158 1938 morte
171 1897 225 1938 sua
241 1879 348 1942 tenuit,
362 1881 480 1935 tratrem
496 1883 524 1934 et
536 1893 604 1932 con·
659 1879 801 1948 impetrem
817 1877 918 1932 ei'sdcm
937 1877 1027 1933 uerbis
1043 1891 1104 1932 oiim
1123 1877 1214 1934 eodem
1234 1899 1243 1938 s

27 1951 157 2009 latronem
173 1968 227 2026 pro
246 1949 334 2007 simili
355 1950 462 2006 scelere
477 1948 603 2005 morien·
658 1950 791 2004 llemeiito
801 1951 864 2018 mei,
879 1951 1003 2020 domim,
1016 1949 1082 2004 dum
1096 1951 1242 2006 omerisi'ii

28 2027 89 2084 tem.
109 2027 143 2080 de
158 2023 314 2096 iniquitate
327 2038 380 2079 sua
393 2019 603 2092 redarguendo,
656 2035 771 2089 reanum
787 2024 874 2077 tuum.

28 2097 53 2148 ct
63 2093 193 2165 civitam,
205 2110 296 2168 quam
309 2099 492 2166 cognoverat,
504 2091 605 2165 praedi·
694 2095 727 2147 sd
743 2090 812 2157 Ouio
827 2107 937 2146 iiisricii
956 2107 1009 2148 ouo
1033 2093 1195 2149 naraonsa‘l
1211 2123 1246 2138 -

29 2166 123 2222 cando.
133 2168 279 2234 Secundo,
293 2165 388 2238 quoad
404 2163 470 2222 fidei
485 2173 514 2220 et
530 2180 603 2221 ierae
657 2164 712 2220 Per
726 2163 796 2218 istos
810 2162 881 2219 duos
905 2163 1031 2220 latrones
1044 2163 1192 2234 signantur
1206 2163 1247 2224 iili

32 2237 208 2294 contessionis
222 2236 430 2306 sinceritatem,
442 2251 506 2292 euin
519 2251 603 2308 quem
658 2232 705 2364 gui
723 2249 775 2306 pro
793 2232 918 2316 peccatis
936 2233 994 2290 suis
1013 2235 1167 2307 expiandis,
1180 2249 1244 2292 irum

32 2310 232 2381 secnmpariter
243 2305 413 2366 morientem
423 2305 504 2376 uidit,
517 2309 604 2364 ileum
681 2305 1245 2379 hristocrucittgunturperprofessionem

34 2383 59 2432 et
74 2381 221 2438 bominum
247 2385 436 2452 regnaturum
450 2379 605 2448 credendo,
659 2376 689 2434 in
700 2376 837 2449 religione
849 2377 952 2434 laetam
965 2394 972 2446 ;
986 2377 1132 2450 sedaliqui
1148 2395 1243 2435 reior-

35 2453 59 2504 et
70 2450 173 2521 publice
187 2451 386 2526 praedicando.
398 2449 606 2522 Tertio,qiioad
659 2454 760 2507 tuntur
774 2453 849 2519 actu,
866 2448 918 2506 etsi
943 2465 1000 2506 nou
1021 2449 1131 2514 babitu,
1147 2449 1243 2508 adse·

33 2519 140 2588 justitie
167 2532 196 2581 et
221 2521 354 2586 ueritatis
380 2521 606 2594 propalationem
661 2521 788 2578 eularem
804 2519 946 2590 vitam,de
965 2521 1070 2648 imibus
1083 2521 1152 2578 dicit
1167 2523 1242 2595 Apo·

38 2591 169 2650 lumiliter
182 2599 212 2652 et
233 2609 321 2652 uerus
343 2592 483 2666 paenitens
498 2598 607 2650 reatum
661 2591 750 2649 stolus
767 2609 774 2647 :
792 2589 896 2651 Niimeii
910 2595 960 2648 llei'
994 2593 1245 2665 tuspbemoturpei·

38 2675 109 2720 suuni
123 2666 249 2734 latendo,
265 2663 398 2736 undequi
415 2665 609 2722 uerecundia·
662 2679 710 2719 uos
724 2666 797 2719 inter
811 2663 919 2734 Gentes,
934 2664 1071 2736 quoniam
1095 2665 1243 2722 scandali-

38 2737 87 2814 tur,
101 2736 141 2792 iel
156 2735 185 2793 iii
196 2736 381 2795 confessione
396 2735 543 2804 mentitur,
556 2739 609 2792 llo·
664 2739 730 2791 zant
740 2736 893 2805 seculares,
912 2742 941 2792 et
956 2736 1001 2792 isti
1016 2735 1168 2808 signantur
1193 2752 1244 2810 pei·

40 2818 136 2864 ninum
150 2825 214 2866 oiim
228 2807 348 2866 sinistro
362 2809 472 2864 latrone
491 2809 609 2865 subsan-
664 2805 805 2862 latronem
823 2807 1069 2878 blasphemantem
1083 2823 1090 2875 ;
1113 2807 1162 2864 alii
1178 2825 1244 2865 iero

41 2889 100 2932 nare
126 2878 247 2938 ridetur.
277 2879 402 2948 Quarto,
427 2881 521 2951 quoad
549 2877 610 2951 spei
664 2877 786 2949 professi
797 2876 1092 2949 crucempmnitentiae
1103 2878 1246 2936 sustinent

41 2945 237 3008 firmitatemre
264 2953 291 3008 ni
307 2950 357 3008 Dei
375 2949 484 3008 aditum
500 2955 528 3007 et
542 2967 610 3007 con·
665 2949 776 3016 devote,
807 2947 1245 3022 erpatientiam,etistisignan·

41 3020 146 3078 sontum
158 2968 343 3094 postnffando,
354 3037 407 3078 neo
415 3029 535 3104 propter
549 3037 612 3094 pec·
665 3025 714 3076 tur
726 3035 778 3092 per
788 2964 926 3102 iitronem
947 3019 1245 3102 Christumcontlteii-

41 3093 157 3148 catorum
183 3109 304 3152 suorum
326 3093 551 3166 magnitudinem
565 3093 610 3150 uel
666 3097 734 3148 teni.
751 3091 831 3148 Unde
839 3097 879 3148 ait
888 3091 963 3147 Beda
975 3107 982 3146 :
995 3113 1009 3142 n
1022 3093 1147 3164 Mystice,
1159 3093 1245 3150 latro·

42 3159 239 3223 multitudinem
260 3165 451 3238 desperando.
468 3167 523 3222 lste
538 3165 611 3222 latro
666 3179 718 3218 nes
732 3161 781 3232 qui
800 3178 864 3219 cuni
881 3161 1001 3218 Domino
1017 3162 1084 3219 bine
1098 3161 1165 3220 inde
1179 3169 1245 3219 sunt

43 3228 73 3308 de
85 3233 156 3290 nollo
171 3235 225 3294 nisi
243 3237 282 3294 de
304 3236 390 3294 eorde
415 3240 444 3294 et
457 3235 497 3292 lin
520 3253 557 3293 ua
580 3251 611 3292 se
666 3232 804 3300 orucitlii,
824 3232 986 3304 significant
1001 3233 1110 3304 eosqui
1125 3235 1246 3290 subilde

42 3313 129 3367 tuine
142 3313 266 3378 poterat,
281 3325 345 3381 quie
354 3307 417 3365 Deo
430 3309 558 3366 totaliter
572 3307 612 3364 ol·
668 3309 697 3361 et
716 3303 897 3360 confessione
917 3302 1032 3372 Christi,
1055 3304 1099 3360 rel
1126 3319 1246 3378 agonem

45 3367 108 3429 terre
121 3379 247 3438 curarit:
264 3397 313 3438 cor
327 3377 441 3451 quidem
457 3378 487 3436 in
508 3379 612 3436 contri·
666 3374 1247 3448 martyrii,ielquaetibctoontinentiaeseu

45 3443 111 3501 tione
128 3455 155 3504 et
177 3449 280 3510 intima
307 3449 515 3522 compassione,
530 3452 610 3524 quia,

47 3517 186 3598 secundum
210 3524 347 3591 tttossam,
374 3523 438 3595 plus
461 3520 612 3580 ridebatur

46 3583 124 3656 atligi
136 3606 167 3646 ex
181 3593 285 3652 Christi
301 3591 510 3676 compassione,
525 3607 610 3666 quain

46 3666 73 3708 ei
95 3673 143 3714 sua
166 3664 281 3738 propria
299 3681 440 3740 passione,
465 3665 521 3722 imo
547 3663 611 3738 plus

47 3723 170 3800 litusens
194 3737 297 3794 Christi
318 3735 499 3810 supplicium,
523 3751 609 3807 quain

47 3807 119 3855 suuni
136 3810 298 3878 proprium
314 3814 343 3866 et
362 3807 499 3881 linguam,
515 3813 546 3864 at
561 3805 610 3864 di-

47 3869 112 3948 tium
135 3881 185 3944 est,
211 3877 240 3936 iii
265 3879 394 3938 ueritatis
421 3881 608 3936 confessione.

49 3934 116 3996 tude
134 3944 276 4015 &coortus
295 3971 305 4008 s
327 3973 343 4004 n
366 3953 398 4010 lii
423 3965 507 4007 cruce
537 3947 609 4006 clavi

48 4017 136 4085 manus
150 4019 287 4102 pedesque
301 4022 470 4106 ligaverant,
482 4019 609 4103 nihilque

49 4089 70 4155 el
85 4094 197 4153 cpiam,
214 4108 244 4149 in
262 4111 296 4152 eo
315 4095 437 4151 liberum
453 4091 507 4148 nisi
520 4107 570 4148 eor
582 4095 611 4148 et

49 4143 334 4237 ¹¹¹1suaremanserni.
353 4167 511 4238 inspirante
539 4165 609 4233 iieo,

49 4217 126 4280 lotum
141 4227 206 4288 illud
226 4235 251 4291 ei
273 4236 376 4294 obtulit
390 4236 467 4309 quod
482 4233 513 4291 iii
529 4250 560 4291 se
575 4233 609 4290 li·

667 3446 825 3519 disciplinae
836 3445 965 3504 arctioris
978 3444 1246 3504 institutasubcunt.

667 3519 723 3576 Sed
739 3523 878 3591 quotquot
886 3519 947 3576 liaec
955 3534 1006 3591 pro
1019 3527 1128 3576 aeterna
1144 3519 1247 3588 soloin,

667 3589 832 3661 eoelestique
851 3587 1063 3664 gloriageruot,
1075 3589 1103 3646 bi
1120 3589 1247 3660 prolecto

667 3661 757 3718 dextri
777 3661 896 3718 latronis
916 3659 1018 3718 merito
1042 3667 1071 3718 et
1089 3661 1146 3718 ilde
1168 3661 1249 3719 desi-

667 3739 803 3804 gnantur.
819 3737 865 3802 At,
881 3732 928 3806 qui
945 3732 988 3788 iel
1007 3733 1139 3790 humanae
1155 3733 1249 3791 laudis

667 3805 784 3872 intuitu,
799 3803 842 3860 uel
858 3803 986 3875 qualibet
1000 3803 1094 3860 minus
1109 3803 1197 3878 digna
1209 3803 1249 3862 in·

666 3874 795 3932 tentione
822 3875 919 3932 seculo
946 3874 1161 3944 abrenuntient,
1192 3893 1247 3933 noo

666 3945 811 4004 immerito
827 3945 1064 4018 blasphematoris
1090 3951 1118 4004 et
1140 3947 1247 4004 sinistri

667 4017 787 4075 latronis
803 4023 927 4074 meatem
948 4023 977 4075 et
1000 4017 1247 4076 actusimitantur.

667 4089 787 4157 Quidam
803 4088 875 4146 duos
901 4089 1027 4146 latrones
1049 4105 1113 4147 cuni
1130 4091 1249 4148 Domino

667 4159 817 4217 crucitiros
826 4159 937 4217 duobus
947 4160 1153 4233 baptizatorum
1167 4177 1250 4236 genc-

666 4231 745 4290 ribus
759 4237 913 4305 coaptant:
929 4233 1098 4304 Quicumque
1112 4237 1184 4289 em'm
1201 4235 1249 4289 bo-

81 4307 134 4372 ttiia
160 4298 275 4377 invenit,
303 4313 333 4364 ut
355 4309 436 4380 inita
457 4307 513 4364 boo
532 4305 610 4378 quod
664 4306 771 4376 pti'aoti'
796 4319 891 4360 sumus
923 4307 954 4360 i'ii
980 4305 1088 4363 cbristo
1115 4307 1192 4374 desii,
1220 4305 1250 4358 iii

50 4369 168 4435 ὃςΝΡῑΙῑῐιὶ
190 4381 242 4448 est,
259 4381 342 4437 corde
364 4379 495 4438 erederet
509 4379 545 4436 ad
559 4378 610 4451 jii-
665 4381 751 4432 morte
769 4378 860 4450 ipsius
878 4375 1016 4450 baptizoti·
1031 4391 1135 4432 summ.
1159 4373 1250 4436 Ambo
