3124 5038
204 399 252 455 tstt
473 449 477 458 .
517 405 676 463 stantun
703 405 826 464 listis
854 408 959 464 untur
986 405 1118 462 lxxxii

206 521 255 566 ras
267 507 402 580 duxisset,
417 515 486 570 tuno
507 510 576 569 dixit
591 510 642 582 eia,
664 513 740 586 quod
760 513 790 571 in
845 513 1012 572 dilatatione
1028 509 1171 570 Ecclesiae.
1186 509 1228 568 llo
1240 506 1266 565 si
1279 505 1423 590 dicerent:

207 587 331 638 montem
359 583 459 642 Oliieli
488 585 699 655 transirent,et
721 586 789 644 inile
846 583 988 658 Numquid
1017 585 1071 642 line
1093 588 1149 639 tem
1172 597 1222 638 ore
1249 581 1340 660 iacies
1360 573 1426 647 quiid

209 665 274 710 eum
287 653 316 710 in
327 657 429 714 coelum
440 656 788 730 ascendentemiiiderent,
845 657 999 730 promisisti
1019 599 1170 738 Ecclesiaei
1182 653 1266 737 Uinde
1281 649 1426 733 aitldultt·

207 729 272 798 qnia
282 727 624 786 indeascenderevolebet
634 727 664 786 in
674 729 787 786 colum.
844 732 934 786 stirias
947 746 954 786 i
967 749 981 782 a
997 730 1070 800 Ergo
1083 727 1211 799 discipuli
1223 725 1335 782 Christi
1350 719 1429 776 dedu·

206 797 240 852 lit
253 803 320 855 tnnc
333 799 481 873 disparuit,
501 805 529 856 et
543 799 661 858 evanuit
673 801 708 858 ab
723 817 788 858 ocu·
845 800 916 858 cturi
940 809 1057 873 aspectu
1073 811 1266 877 ascensurum·
1279 791 1429 870 Christum,
1525 842 1526 854 ,

205 866 241 925 lis
255 885 363 928 eorum.
385 875 438 929 Per
459 877 596 942 montem,
620 871 789 946 intelligitur
843 873 1220 945 interrogareruateum,et
1235 867 1377 924 dixerunt
1390 877 1428 917 ei:
1523 855 1526 940 l

208 940 786 1016 eminentiaSpiritusincontemplatione;
843 944 974 1016 Domine,
991 943 1014 1000 si
1045 945 1073 998 in
1089 943 1143 998 hoe
1158 949 1294 1011 tempore
1309 948 1432 1009 praeseu·
1523 951 1524 972 i

207 1027 259 1084 per
274 1013 363 1071 olivas
382 1021 488 1084 autom,
508 1015 686 1098 pinguissimi
704 1016 787 1089 spiri·
844 1015 963 1084 taberis3
981 1021 1009 1072 et
1035 1013 1148 1085 quando
1173 1025 1303 1093 regnum
1328 999 1432 1064 israeli

205 1087 251 1140 tus
272 1083 385 1143 devotio
410 1105 416 1143 t
434 1089 553 1144 ulterius
570 1104 637 1144 vero
653 1095 718 1160 post
734 1092 788 1144 ista
843 1088 924 1155 Quod
938 1086 1124 1160 regnumiDe
1136 1099 1194 1156 quo
1207 1086 1339 1140 dicimus
1356 1097 1362 1136 :
1377 1073 1431 1158 ild·

206 1167 264 1211 non
287 1162 374 1215 restat
391 1157 446 1215 nisi
464 1159 552 1216 saltus
567 1159 670 1216 animae
685 1159 715 1216 iii
732 1175 788 1216 cm·
843 1163 936 1216 ueniat
950 1175 1064 1228 reanum
1083 1163 1175 1226 taam;
1199 1155 1314 1236 dequo
1328 1149 1432 1234 audito·

205 1225 273 1285 lum.
294 1229 419 1302 Apostoli
448 1229 535 1302 igitur
559 1231 698 1296 undecim,
723 1247 788 1288 cuin
842 1230 868 1288 ri
885 1231 1001 1288 suntad
1020 1229 1165 1286 dexteram
1181 1229 1274 1298 positi
1294 1241 1303 1280 ι
1330 1221 1431 1286 Venite,

206 1298 294 1356 lintre
314 1299 427 1358 Domini
447 1307 531 1373 atque
557 1301 618 1360 aliis
643 1303 789 1376 discipulis
844 1304 979 1360 macalati
990 1302 1151 1369 Pati-iamai,
1159 1300 1432 1371 parapamenos,
1525 1323 1526 1332 κ

204 1373 233 1424 et
244 1369 409 1430 mulieribus
420 1372 593 1432 unanimiter
603 1374 788 1432 statimrene-
843 1373 964 1433 eiusad
978 1371 1093 1445 quando
1108 1372 1163 1428 lios
1178 1367 1328 1442 regnum?
1342 1365 1432 1433 Quen·

206 1447 273 1498 runt
295 1443 325 1500 in
351 1449 477 1502 montem
500 1445 613 1516 Oliveti,
637 1446 662 1503 ei
682 1446 789 1504 ibidem
843 1446 879 1504 do
895 1461 1015 1530 regnum
1030 1441 1302 1525 tuoruthuando
1315 1447 1434 1510 regnum

206 1511 308 1571 iterum
333 1517 470 1574 [lominus
494 1519 535 1574 eis
560 1520 700 1592 apparuit.
717 1519 788 1574 ane
843 1517 1014 1576 bumilium‘l
1035 1517 1175 1585 Quamdiu
1200 1513 1311 1592 typhus¹
1340 1521 1433 1586 supet·

205 1587 347 1657 quomado
371 1589 460 1646 babes
474 1589 560 1648 hodie
581 1595 651 1646 ituas
676 1589 788 1662 appari·
844 1591 965 1648 borumi
979 1589 1096 1658 Quando
1114 1592 1266 1668 venturum
1286 1579 1351 1639 sit?
1364 1573 1433 1646 Quid

204 1659 305 1716 tiones.
333 1661 469 1733 conspice
493 1677 569 1718 nunc
592 1662 665 1718 bene
688 1677 738 1718 eos
761 1670 789 1718 et
843 1662 937 1719 adte‘i
951 1661 996 1719 Sic
1008 1661 1069 1716 rive
1081 1673 1162 1730 quasi
1175 1657 1262 1714 hodie
1278 1661 1432 1712 venturum

204 1736 305 1786 cuncta
318 1747 380 1801 quae
392 1735 471 1788 liunt.
481 1733 636 1788 Considera
648 1731 788 1788 nibilomi-
842 1733 892 1802 sit;
910 1741 939 1790 et
957 1749 1015 1790 non
1029 1731 1150 1794 timebis.
1167 1744 1231 1785 cuin
1251 1721 1372 1784 venerit
1393 1737 1430 1777 :r
1526 1733 1527 1740 ¹

203 1815 257 1857 nus
271 1805 384 1858 sanctos
399 1805 498 1858 Patres
515 1803 618 1860 ibidem
632 1802 786 1861 invisibili·
843 1806 904 1863 hac
918 1807 1103 1875 itapastiaas.
1124 1799 1263 1882 Dominus
1277 1803 1379 1856 autem
1391 1807 1430 1850 su·

204 1877 248 1930 ter
269 1872 432 1943 existentes,
450 1877 592 1946 quomodo
619 1875 740 1931 libenter
759 1881 787 1932 et
842 1891 894 1950 por
908 1878 962 1935 lioc
975 1893 1032 1934 nun
1048 1873 1216 1954 certificavit
1228 1887 1291 1940 eos,
1306 1885 1357 1953 ,ex
1368 1880 1431 1945 qui?

203 1953 369 2002 reverenter
382 1944 530 2003 intuentur
546 1945 693 2003 Dominam
705 1956 733 2004 et
747 1949 787 2004 al·
842 1950 908 2007 dam
923 1955 1031 2018 tamen,
1042 1947 1070 2004 in
1082 1959 1268 2018 responsione
1284 1957 1351 2022 epus
1364 1949 1430 2010 post·

205 2015 330 2074 lectuose
343 2017 522 2084 benedicunt,
538 2033 590 2091 per
613 2034 699 2104 quam
722 2027 787 2077 tan·
841 2023 882 2090 to,
906 2025 1021 2094 possent
1034 2018 1194 2100 intelligere
1215 2014 1429 2097 restitnuonem

203 2091 263 2145 tum
285 2090 408 2147 assecuti
423 2096 489 2148 sunt
513 2091 698 2160 beneficium3
715 2107 786 2164 quo·
842 2091 919 2149 illam
934 2091 1031 2149 multis
1042 2089 1218 2162 temporibus
1227 2081 1429 2144 differendam.

205 2161 390 2220 modoetiam
409 2161 558 2222 intuentur
581 2165 645 2221 illos
661 2165 786 2220 eiicelsos
842 2168 923 2221 llicit
946 2169 1037 2220 autem
1064 2166 1103 2218 eis
1124 2178 1131 2218 :
1152 2163 1213 2220 Nori
1240 2165 1282 2216 est
1311 2159 1428 2213 oestrum

204 2233 315 2316 pugiles
323 2243 351 2292 et
361 2237 445 2292 duces
455 2235 544 2292 divini
554 2236 704 2300 exercitus,
716 2252 786 2308 qnos
842 2252 919 2293 nesso
933 2241 1066 2308 ternpore,
1082 2235 1124 2290 uei
1135 2236 1282 2300 momenta,
1300 2245 1364 2301 qua
1380 2227 1428 2281 Pe·

203 2309 278 2361 inter
293 2321 393 2364 omnes
407 2308 443 2364 ad
458 2311 677 2381 expugnandum
692 2308 787 2364 etvin-

204 2377 324 2433 cendum
350 2378 512 2435 universum
530 2380 666 2436 mnndum
690 2379 785 2452 elegit,

204 2449 232 2504 et
247 2451 333 2503 mittit
348 2449 492 2506 Dominus.

240 2517 256 2574 7
267 2519 392 2586 Qonsrio
404 2537 487 2576 ascri
496 2539 530 2578 nii
540 2537 732 2578 nnsrirnrioiis
742 2538 787 2578 nii·

205 2605 251 2645 oni
265 2589 373 2648 lenanu.
385 2619 419 2631 -
432 2593 510 2648 Tunc
522 2596 611 2661 ipitiir
625 2593 740 2663 quidam
754 2609 787 2650 ex

202 2659 303 2731 bisnai
311 2665 717 2734 convesci·ont,iaterropabant
727 2679 786 2721 eum

203 2732 322 2789 dicentes
339 2735 483 2802 :Domina
499 2739 524 2792 si
544 2739 574 2792 iii
596 2741 715 2808 ternpore
738 2739 787 2793 lios

203 2807 330 2861 restitues
343 2821 458 2875 reprom
471 2809 579 2864 lsrael?
594 2807 714 2875 Quidam
731 2807 786 2865 ini-

202 2875 284 2950 periii
294 2882 322 2934 et
331 2877 483 2936 carnaliter
493 2879 647 2952 sapientes,
659 2879 787 2938 videntes

204 2948 393 3022 alienigenam
413 2966 545 3023 regnare,
559 2957 587 3009 et
605 2954 720 3010 Judaeos
734 2955 786 3010 siib

204 3023 327 3078 Praeside
347 3039 420 3092 esse,
436 3025 637 3081 desiderabant
650 3027 726 3096 quoil
742 3041 787 3082 re-

203 3107 291 3166 gnum
312 3097 403 3166 ipsum
417 3095 525 3152 nationi
539 3095 667 3152 iudaice
684 3098 786 3154 redde·

203 3169 293 3235 retur,
308 3171 335 3223 el
350 3167 516 3238 quaerebant
541 3168 576 3224 de
606 3169 786 3226 restitutione

202 3237 284 3310 regni
306 3239 392 3294 lsrael
416 3238 598 3311 temporalis;
621 3243 650 3296 ut
666 3239 706 3296 sic
729 3243 786 3298 lteii

201 3307 306 3366 Judaeis
320 3310 436 3367 daretur
458 3313 509 3368 lioc
530 3315 667 3383 tempore,
685 3317 786 3382 putan-

202 3383 246 3438 tes
258 3387 324 3438 tunc
338 3399 355 3437 a
369 3381 489 3438 Domina
504 3399 622 3455 regnum
638 3383 788 3442 restituen-

201 3451 279 3524 duin,
306 3457 335 3510 et
362 3468 380 3510 a
406 3453 531 3510 dominio
561 3453 786 3524 alienigenarum

202 3523 309 3581 seilicet
328 3524 491 3590 Gentilium,
507 3526 555 3597 qui
569 3525 676 3583 Judaeis
694 3527 785 3584 dorni-

203 3597 355 3664 nabantur‚
376 3595 573 3666 liberandum
592 3596 665 3654 sicut
684 3603 714 3654 et
730 3601 785 3656 duo

202 3665 331 3740 discipuli
346 3669 494 3742 putabant,
505 3668 631 3726 dieentes
647 3687 653 3727 :
668 3673 724 3729 Nos
738 3689 786 3727 aa·

201 3743 254 3793 terii
267 3743 445 3809 sperabamus
456 3744 523 3813 puio
534 3745 593 3814 ipsa
602 3746 671 3798 esset
683 3743 786 3800 redem-

199 3813 300 3881 pturus
316 3809 413 3868 lsrael.
429 3815 468 3869 Ac
482 3813 562 3870 siisti
576 3813 784 3886 interrogantes

202 3893 278 3948 eum,
294 3879 422 3939 dicerent
435 3901 441 3940 2
456 3879 663 3968 Numquid'hoc
675 3891 784 3960 tempo·

200 3965 232 4008 re
246 3953 389 4023 regnabis,
397 3953 469 4010 sicut
480 3957 579 4026 David,
595 3965 622 4013 et
638 3959 783 4028 Salomon,

203 4026 231 4080 et
249 4022 442 4080 dominaberis
453 4026 632 4084 nationibus?
646 4029 701 4086 itlti
718 4045 784 4086 vero

202 4094 783 4167 magisinstruali,scientesrestitutionern

201 4165 279 4224 illaiii
294 4166 421 4224 nonnisi
441 4168 564 4226 linaliter
579 4171 713 4241 luturani,
729 4172 784 4230 sci·

201 4235 266 4297 licet
285 4238 361 4297 circa
381 4245 511 4322 tempora
532 4239 644 4312 indicii,
674 4259 784 4314 quere·

200 4309 269 4368 liant
279 4311 313 4369 de
328 4313 508 4370 restitutione
525 4311 605 4386 regni
623 4314 709 4370 lsrael
725 4314 783 4386 spi·

198 4381 348 4456 ritualiter,
372 4382 480 4442 scilicet
509 4383 543 4443 de
568 4383 738 4443 liberatione
754 4391 782 4444 et

843 2313 883 2364 ter
896 2311 990 2381 posuit
1004 2311 1035 2363 iii
1049 2323 1101 2363 saa
1111 2309 1257 2377 potestate,
1272 2301 1302 2360 id
1318 2305 1365 2358 est
1380 2311 1427 2352 nu·

843 2395 953 2437 merum
977 2387 1137 2451 temporum
1157 2384 1185 2432 et
1203 2379 1426 2434 momentorum,

843 2467 932 2524 usque
956 2453 991 2508 ad
1017 2451 1103 2506 linem
1126 2449 1224 2516 seculi,
1238 2458 1304 2518 quaa
1320 2449 1427 2500 tantum

844 2527 939 2594 patent
963 2521 1088 2579 scientiae
1113 2517 1205 2578 Patris
1219 2520 1288 2574 mei.
1306 2518 1369 2573 lton
1385 2513 1424 2568 est

843 2595 947 2666 quippe
960 2593 1120 2666 aliquorum
1130 2606 1213 2648 nosse
1228 2595 1285 2646 tem
1331 2603 1373 2656 ra,
1387 2581 1425 2640 ul·
1527 2587 1528 2602 ¹

843 2672 887 2724 tra
901 2666 977 2738 quod
997 2665 1142 2723 reieliiur
1157 2662 1201 2720 vel
1227 2667 1272 2718 tra
1295 2663 1357 2716 itur
1380 2667 1426 2729 per
1527 2689 1528 2716 ,

843 2737 1013 2811 Scripturas,
1030 2735 1097 2808 quia
1110 2737 1163 2792 lioc
1176 2738 1220 2791 est
1232 2729 1426 2805 praesumptis

843 2809 904 2879 nis;
920 2810 969 2866 sad
985 2807 1140 2866 secundum
1156 2807 1320 2878 Scripturas
1334 2812 1425 2865 nasse,

843 2891 886 2939 est
900 2879 1077 2938 eruditionis.
1095 2885 1133 2936 itc
1144 2881 1166 2936 si
1183 2877 1308 2934 diceret:
1321 2875 1365 2933 bd
1379 2885 1423 2926 vos

842 2969 898 3010 non
915 2953 1037 3025 pertinet
1052 2951 1125 3008 scire
1139 2953 1243 3019 lutura,
1259 2965 1326 3032 quie
1342 2949 1370 3004 in
1383 2959 1424 3000 ao·

842 3026 871 3082 la
892 3024 942 3082 Dei
963 3024 1148 3096 dispositione
1172 3031 1243 3102 sunt·
1259 3027 1368 3104 posita,
1393 3014 1424 3072 da

842 3111 963 3168 quorum
980 3099 1245 3168 numeroestregni
1257 3093 1369 3174 iiidaici
1386 3103 1422 3144 re·

842 3169 961 3226 stitutio.
991 3170 1061 3224 ltain
1093 3168 1186 3238 ipsum
1219 3161 1421 3246 restituendum

842 3256 900 3298 non
924 3247 966 3297 est
980 3239 1143 3306 carnaliter,
1157 3237 1208 3296 sed
1229 3235 1422 3318 spiritualiter,

862 3313 954 3370 uando
966 3309 1041 3367 circa
1057 3311 1143 3368 linem
1159 3309 1246 3368 seculi
1260 3307 1351 3364 ludaei
1367 3317 1421 3362 cre·

842 3327 910 3442 ient
924 3383 954 3440 in
968 3384 1120 3452 Christum,
1136 3381 1185 3454 qui
1212 3381 1265 3437 luit
1281 3382 1356 3462 ‘ilex
1378 3389 1420 3434 eo·

841 3472 924 3524 rum;
940 3461 968 3512 et
992 3455 1106 3526 quando
1133 3452 1311 3534 regnabituin
1337 3451 1418 3508 dania

841 3528 940 3596 Jacob,
962 3543 1028 3584 vere
1043 3525 1105 3584 sine
1120 3525 1177 3583 line
1190 3523 1278 3581 seculi
1297 3539 1327 3580 in
1343 3529 1419 3580 aetar·

842 3615 919 3656 num.
937 3597 1022 3666 Nibil,
1039 3597 1167 3670 inquam,
1182 3596 1218 3653 ad
1232 3611 1282 3652 iios
1296 3605 1420 3666 quaerere

841 3671 877 3728 de
897 3673 1013 3728 secretis
1028 3667 1233 3742 biijusceinodi,
1259 3681 1311 3722 nee
1326 3662 1418 3749 ‚moda

842 3743 878 3800 ad
899 3759 935 3800 ea
953 3741 1137 3816 percipienda
1152 3741 1219 3798 estis
1238 3738 1355 3795 idonei:
1378 3731 1419 3792 sed

843 3815 877 3872 de
897 3817 941 3871 liis
964 3829 1027 3886 qum
1052 3813 1089 3871 ad
1112 3829 1163 3869 vos
1182 3814 1310 3885 spectant
1333 3812 1419 3866 estote

842 3886 966 3954 solliciti,
982 3888 1049 3958 quia
1061 3901 1170 3952 revera,
1183 3884 1325 3954 accipiatis
1338 3885 1418 3964 virtit-

841 3965 894 4014 tem
908 3959 1123 4029 supervenientis
1137 3959 1260 4036 Spiritus
1274 3955 1372 4010 Sancti
1391 3965 1417 4006 aa

842 4045 898 4096 aas,
915 4030 994 4102 cujus
1004 4027 1255 4099 virtutepurillcati
1270 4029 1299 4080 et
1310 4024 1419 4106 robora·

841 4101 874 4170 ti,
898 4108 927 4158 ut
955 4100 1069 4175 possitis
1098 4117 1161 4156 mea
1179 4099 1263 4156 rerba
1279 4095 1373 4180 loqui,
1388 4097 1419 4182 'et

841 4171 1000 4229 doctrinam
1031 4187 1122 4228 meam
1143 4173 1228 4240 l'erre,
1253 4171 1331 4223 eritis
1355 4167 1418 4249 iiiiii

841 4250 929 4314 testes,
965 4243 1187 4301 conversationis
1217 4247 1247 4324 et
1272 4239 1416 4320 doctrina,

840 4321 941 4373 mortis
964 4322 992 4372 et
1018 4314 1243 4389 Resurrectionis
1257 4325 1349 4367 meai:
1366 4327 1418 4384 pri·

840 4403 897 4460 mo,
926 4391 956 4444 ia
986 4388 1156 4452 lauantems
1184 4391 1208 4442 et
1238 4382 1363 4440 meando
1393 4383 1417 4440 iii

1515 458 1523 659 ἰ
