3036 5042
199 332 231 384 ³0
555 321 713 377 SECUNDAE
740 323 859 380 Piiiffl
887 322 993 378 catur
1020 321 1080 376 iix

201 431 295 490 socios
319 430 362 488 sui
388 429 487 504 gandii
518 444 581 486 esse
608 427 724 500 cupivit.
756 457 786 471 -
815 429 818 440 '
845 427 999 501 desperare
1013 428 1128 498 debent,
1146 427 1197 485 sed
1211 441 1277 486 cum
1289 428 1438 500 apostolis

203 505 341 573 Quintum
355 500 737 574 est,qucdnosv01antesse
759 497 789 557 ui
846 509 1008 570 resurgere,
1029 505 1058 556 et
1077 515 1129 572 per
1147 499 1349 573 paenitentiam
1362 501 1435 557 resi-

204 576 365 645 Christum,
387 575 524 632 debemus
545 514 789 699 nosmetipsossii·
846 569 966 644 piscare.
983 569 1035 628 Ubi
1051 572 1202 629 Rntoauss
1220 592 1234 626 s
1249 572 1367 645 Mystico
1383 584 1435 628 au-

203 663 272 720 gere
285 645 397 703 vinculo
411 643 595 718 professionis
605 643 659 702 obe
682 641 788 710 ientim,
843 645 915 726 tem¹
931 641 1005 698 sicut
1019 645 1131 712 Petrus,
1151 643 1200 716 qui
1219 644 1334 715 culpem
1347 659 1435 716 nega-

203 723 320 800 prcptcr
334 733 400 775 cum
419 716 466 790 qui
487 732 539 790 pro
557 714 640 773 nobis
655 714 742 772 voluit
754 714 789 770 ii·
844 713 932 771 tinnis
947 713 1123 786 poenitentiae
1134 714 1268 790 iacrymis
1278 715 1436 782 abluit,re-

109 807 114 816 ·
203 805 277 863 gart,
290 789 331 847 ita
348 793 380 846 ut
393 788 514 861 amptius
536 803 589 860 pro
605 791 703 844 nostro
719 785 789 843 velie
845 788 1059 857 cuperationem
1074 799 1174 844 eorum
1194 787 1321 844 ostendit
1340 786 1391 859 qui
1408 789 1435 844 in

203 877 257 918 nos
268 877 382 918 movere
394 877 451 918 non
462 859 619 931 possimns3
631 862 660 914 ct
671 859 711 914 sic
725 873 788 914 cnm
844 858 981 930 martyrio
996 857 1131 914 labuntur
1144 875 1152 927 ς
1170 857 1212 915 ita
1229 857 1318 916 catari
1349 861 1435 915 disci-

204 935 284 990 isaac
299 931 435 1004 colligati,
455 936 484 989 et
496 933 525 988 in
544 929 626 988 altori
640 927 788 986 mactatio·
864 928 915 998 nii,
930 923 978 1000 qui
995 927 1149 986 articulum
1163 929 1436 1004 comprehensionis

204 1003 250 1062 nis
264 1003 387 1077 propriae
398 999 789 1075 voiuntatispositi,quotidic
844 944 979 1082 fugiendo
1001 1008 1211 1073 praevenerunt,
1231 1001 1377 1060 cautelam
1391 1003 1436 1058 in·

202 1074 233 1132 in
252 1075 450 1132 holocaustum
469 1073 563 1130 virum
582 1071 789 1130 DecimmoIe·
844 1072 940 1145 grandi
959 1071 1126 1129 docentaos
1145 1073 1241 1146 quise
1261 1074 1359 1131 minus
1372 1074 1435 1131 idc-

205 1162 280 1205 mur.
302 1174 333 1190 ··-·
353 1147 396 1204 Ad
415 1146 652 1203 conformandum
676 1159 707 1200 ss
724 1142 790 1200 huic
845 1159 916 1201 neos
930 1143 966 1201 ad
979 1145 1127 1202 toleranda
1141 1145 1279 1218 supplicia
1293 1145 1434 1216 sentiunt,

203 1217 322 1278 articulo
350 1219 489 1290 recogitet
503 1215 722 1287 homoquaiitcr
736 1217 790 1272 Do·
847 1215 948 1287 quihus
956 1215 1045 1272 tutius
1055 1215 1243 1289 lutare,quam
1251 1217 1435 1274 sediscrimi·

206 1289 300 1347 minus
323 1259 427 1362 sigerus
450 1287 513 1358 init,
539 1293 656 1360 propter
678 1286 790 1344 vincula
845 1287 875 1343 ni
891 1289 1079 1345 certaminum
1089 1289 1437 1362 exponeretusedquarc

203 1365 383 1435 peccatorum
406 1366 570 1417 nostrorum
593 1359 741 1428 solvenda,
761 1363 790 1414 et
844 1359 935 1416 Judaei
953 1375 1009 1416 non
1023 1361 1301 1434 comprehenderunt
1314 1364 1437 1433 Aposto-

204 1441 237 1491 ut
249 1431 360 1490 tincuic
371 1431 497 1489 caritatis
512 1443 566 1488 nos
577 1429 631 1487 sibi
642 1430 788 1514 ailigerctt
845 1431 899 1502 los,
915 1437 943 1487 et
957 1431 1077 1488 manime
1089 1435 1214 1500 Petrum,
1227 1435 1276 1504 qui
1286 1447 1437 1506 percusse-

203 1509 231 1564 et
255 1504 361 1578 poterit
381 1503 411 1561 in
429 1516 645 1575 recompensam
665 1501 790 1574 aliquam
845 1509 890 1560 rat
904 1519 968 1559 cum
983 1503 1097 1574 gladio?
1112 1504 1267 1561 Dicendum
1284 1509 1340 1572 est,
1360 1504 1437 1576 quod

205 1576 332 1649 seipsum
342 1579 401 1634 Deo
419 1574 507 1647 ligore
522 1573 617 1646 aliquo
630 1575 706 1631 hono
728 1590 790 1644 pro·
847 1575 918 1632 nihii
933 1591 982 1632 eos
1000 1575 1132 1640 detinuit,
1147 1575 1203 1632 nisi
1217 1578 1308 1632 virtus
1324 1575 1437 1642 divine,

205 1649 310 1721 posito,
323 1647 367 1704 vei
386 1646 472 1704 etiam
486 1653 562 1703 voto.
575 1647 635 1713 Quo
651 1643 674 1702 si
688 1646 747 1718 jam
759 1643 791 1700 li·
846 1663 910 1720 quse
933 1646 1019 1704 etiam
1038 1648 1191 1717 prostravit
1204 1663 1255 1705 coa
1268 1647 1434 1720 resupinos.

228 1725 293 1778 atus
304 1717 341 1776 sit
355 1721 383 1775 in
393 1717 542 1790 reiigione,
561 1719 605 1772 sei
620 1715 701 1782 alies,
716 1715 790 1772 desi·
845 1721 923 1776 Tunc
939 1734 1039 1775 omnes
1053 1718 1183 1790 discipuli
1192 1725 1395 1792 peccaverunt,
1410 1725 1438 1776 et

206 1736 288 1849 geret
300 1807 317 1848 a
329 1791 522 1862 Deoadjuvari
535 1789 572 1846 ad
586 1788 791 1861 perficiendum
846 1789 875 1847 in
890 1790 947 1846 flue
959 1806 1011 1862 per
1023 1787 1092 1847 iilud
1106 1790 1232 1847 triduum
1247 1789 1382 1848 exstincti
1398 1791 1437 1847 iu

206 1861 402 1936 hujuscemodi
417 1861 620 1933 obligationem
633 1860 669 1918 ad
680 1861 791 1918 laudem
847 1870 940 1930 erunt,
966 1866 1070 1934 preter
1093 1862 1205 1919 beatam
1223 1861 1382 1934 Virginem.
1407 1864 1435 1918 in

207 1951 297 1993 auam.
313 1935 335 1992 0
349 1937 422 1998 Jssu.
438 1935 656 2006 quiiniquorum
665 1933 793 1990 munibus
847 1949 903 2006 qua
918 1933 979 1990 sois
1007 1932 1079 1990 tides
1106 1933 1237 1991 ccelesiis
1264 1933 1438 1991 Inconcussa

209 2009 295 2078 lipari
308 2008 432 2071 coluisti,
447 2007 678 2076 absolutoquem,
690 2011 793 2062 nostro·
848 2005 1026 2078 permansit;
1044 2006 1079 2062 nb
1102 2006 1184 2089 cujus
1200 2007 1437 2079 representatio-

207 2079 390 2136 rumcincuio
403 2083 594 2149 peccatorum
605 2080 738 2150 utpueitc
751 2093 794 2134 oo·
849 2093 916 2134 uem
933 2077 962 2133 in
977 2076 1124 2134 matutinis
1138 2075 1215 2136 iliius
1230 2077 1317 2135 tridui
1333 2093 1438 2134 omnes

208 2154 304 2209 sitatis
326 2151 437 2214 uinculo
461 2154 709 2223 preceptorumque
727 2154 795 2205 tuo-
850 2148 976 2206 candelas
992 2147 1219 2220 exstinguuntur,
1243 2153 1363 2222 excepta
1381 2165 1439 2206 una

207 2223 435 2292 rumfum'busme
446 2225 610 2291 constrtnpe,
621 2237 794 2292 ueumpuum
848 2221 918 2290 suia,
935 2235 997 2292 quae
1013 2219 1141 2278 romanet
1153 2233 1282 2279 accensa.
1300 2221 1437 2294 inhujus

210 2295 461 2364 mambrocorpnrts
473 2297 536 2359 mei,
552 2299 601 2348 out
615 2296 795 2348 viroconium
850 2292 963 2364 signum
993 2291 1080 2349 etiam
1111 2293 1291 2350 denudantur
1319 2293 1436 2360 aitaris,

97 2383 100 2390 ⁴
209 2364 465 2422 morasmoras
480 2367 584 2435 quavis
592 2367 795 2422 contras-intusa
849 2364 916 2436 quis
930 2363 1059 2422 Christus
1082 2379 1132 2436 per
1153 2365 1244 2422 altare
1266 2365 1436 2436 designatus

208 2439 357 2494 voluntati.
848 2435 963 2493 reiictus
977 2436 1031 2492 init
1044 2436 1080 2492 ab
1094 2439 1115 2493 Α
1137 2437 1235 2494 ostoiis
1249 2436 1371 2508 signatis
1386 2449 1437 2507 per

247 2512 280 2565 sb
298 2509 499 2564 Drsurrunonnu
513 2523 593 2576 ruse,
610 2523 671 2564 rma
684 2524 713 2564 ru
727 2523 795 2588 sona
849 2513 1026 2566 ornamenta.
1048 2511 1078 2564 in
1095 2449 1143 2564 iiio
1158 2507 1244 2566 etiam
1257 2508 1352 2565 triduo
1370 2507 1437 2564 offi-

215 2581 487 2637 iiamunnusrnurn.
502 2607 532 2621 ——
550 2582 634 2649 iuno,
649 2583 796 2651 captoscr-
849 2578 924 2636 cium
939 2584 1110 2637 nocturnum
1135 2581 1193 2637 site
1217 2584 1360 2649 cantatur,
1385 2593 1437 2652 per

211 2650 278 2708 licet
296 2655 325 2708 st
338 2650 425 2722 ligato
442 2649 575 2719 Domino,
590 2650 724 2723 discipuli
736 2667 795 2706 om·
850 2651 928 2779 guod
935 2651 1092 2724 prophetin
1101 2651 1136 2708 tie
1146 2650 1260 2710 Christo
1268 2651 1435 2723 signantem

210 2737 257 2779 nea
276 2721 434 2805 perterriti,
446 2725 542 2778 relicto
555 2737 595 2793 ao,
610 2725 753 2792 tuomet,
767 2729 796 2779 et
870 2721 960 2779 iurnes
986 2737 1053 2780 sero
1078 2725 1157 2780 irorae
1179 2726 1233 2782 snb
1256 2722 1372 2780 silentio
1392 2724 1435 2779 di·

212 2796 377 2864 iisgrstrum
391 2810 475 2850 suurn
500 2792 574 2850 sicut
593 2795 732 2852 iatronem
758 2793 795 2850 ad
850 2803 964 2863 cuntur,
977 2794 1045 2866 quia
1058 2795 1185 2867 Apostoli
1197 2801 1263 2852 tunc
1278 2793 1435 2866 predicare

212 2865 358 2923 victimam
385 2863 497 2934 deduci,
512 2865 699 2936 dimiserunt3
724 2865 796 2922 sicut
851 2879 908 2924 non
924 2866 1075 2924 audebant.
1089 2867 1204 2924 undeet
1218 2881 1366 2940 campanen
1378 2883 1434 2924 non

211 2936 383 3011 predixerat
395 2953 444 2994 eos
462 2937 626 2994 scandalum
643 2937 672 2994 in
688 2953 719 2994 se
733 2953 796 3010 pas·
850 2940 1009 3009 puisentur,
1025 2939 1093 3010 quia
1107 2945 1176 2996 tuuc
1192 2953 1280 2995 sonus
1294 2939 1435 3010 prsedica·

211 3025 305 3066 suros.
319 3010 529 3082 Comprehenso
545 3015 669 3080 pastore,
689 3008 796 3082 disper-
851 3009 938 3066 tionis
953 3009 1121 3067 cessationi
1145 3015 1226 3083 porto
1242 3011 1347 3066 montis
1367 3010 1434 3068 Sion

232 3089 318 3138 untur
330 3095 412 3150 uuest
429 3085 510 3154 capto
521 3082 665 3155 Magistro,
680 3082 796 3155 tugiunt
851 3083 879 3137 in
894 3081 1358 3154 saliemiosaphetdesceudendo,
1369 3087 1436 3138 sunt

212 3096 551 3227 fiiscipuiwndeiiedos
572 3173 587 3205 u
604 3153 737 3225 impletus
752 3159 796 3210 est
848 3165 976 3209 ceterum
996 3155 1207 3226 Apostolorum,
1226 3153 1272 3210 uiti
1289 3154 1436 3211 latuerunt
1496 3185 1497 3242 p

213 3241 308 3283 sermo
321 3224 445 3294 Domini,
456 3225 641 3298 quodineruu
653 3225 796 3297 quodom—
848 3231 976 3295 tempore
993 3225 1143 3290 Passionis,
1160 3225 1271 3284 Christo
1287 3225 1399 3282 relicto.
1496 3243 1497 3260 ¹

212 3297 407 3371 condiscipuli
424 3297 686 3354 scandalizarentur
702 3295 732 3352 in
747 3297 796 3353 iilo
886 3301 922 3353 26
938 3297 1060 3363 Qorsuut
1072 3307 1436 3367 rutsaootsscnus,on1so·
1496 3357 1497 3368 2

213 3367 243 3426 in
256 3368 317 3442 ipss
328 3377 420 3425 nocto,
433 3387 448 3420 u
462 3371 540 3424 Unde
554 3375 583 3426 at
594 3369 775 3438 Hieronymus
786 3381 794 3424 ε
850 3383 900 3425 nus
915 3369 1001 3425 isson
1012 3379 1127 3426 securus
1139 3385 1197 3439 ssr,
1206 3384 1239 3426 ar
1252 3385 1380 3434 ouoauuu
1392 3383 1437 3426 ur·
1496 3369 1497 3422 i

215 3441 320 3497 «Tunc
335 3439 521 3510 adimpletum
540 3445 582 3496 est
597 3448 604 3496 t
620 3442 796 3510 Eionpcstt'o
850 3440 969 3496 eructes?
983 3464 1018 3482 -·
1032 3442 1197 3497 Adoiescans
1212 3447 1304 3498 cutem
1320 3441 1435 3512 quidum

210 3527 254 3568 me
269 3514 388 3568 amicum
405 3521 430 3565 et
450 3513 636 3582 prootmumt
666 3519 693 3567 ct
719 3516 797 3568 notos
849 3513 1014 3584 sequebatur
1037 3512 1349 3582 eum,sciliccthsum,
1364 3516 1435 3568 omi·

212 3599 310 3640 mensu
321 3586 444 3640 miseco.
456 3601 470 3634 s
483 3584 517 3639 Ut
526 3587 621 3639 autem
633 3581 702 3640 dicit
716 3585 798 3639 Taso·
849 3591 911 3640 otus
925 3583 1051 3654 studeas,
1066 3583 1095 3640 id
1109 3588 1151 3640 est
1163 3583 1249 3641 lintea
1264 3591 1353 3652 veste,
1372 3597 1436 3656 ques

209 3657 317 3728 pitius,
329 3653 469 3737 permittit
481 3669 528 3711 eos
538 3653 675 3712 Dominus
684 3655 795 3724 cedere,
849 3655 1045 3712 innocentiam
1072 3654 1225 3727 siguificat,
1248 3671 1331 3727 super
1349 3657 1435 3720 undo,

213 3731 245 3784 ut
258 3741 315 3782 non
328 3741 357 3782 rn
367 3725 474 3798 seipsos
488 3727 644 3783 confidant.
657 3727 737 3785 Unde
747 3729 796 3783 Rc-
852 3724 960 3784 scilicet
980 3739 1121 3799 corporet
1146 3726 1213 3800 quia
1236 3743 1293 3784 non
1312 3727 1438 3784 habebat

214 3799 335 3866 mtpius:
351 3817 366 3849 c
381 3799 411 3854 in
427 3797 481 3854 hoc
496 3799 569 3856 iacto
584 3799 797 3856 demonstratur
850 3797 930 3855 alind
946 3797 1146 3855 indumentum
1169 3811 1254 3871 supra
1267 3797 1394 3855 tunicam
1409 3803 1436 3855 et

214 3867 352 3996 irrafiiitas
366 3870 574 3940 Apostoiomm.
603 3871 655 3938 Qui
671 3869 746 3927 enim
762 3870 797 3926 de
849 3870 885 3926 ab
901 3874 991 3936 extra,
1007 3883 1092 3940 quem
1109 3871 1199 3926 sotem
1211 3869 1371 3927 sindonem.
1385 3870 1436 3925 iiic

214 3955 232 3997 a
268 3939 392 3996 oreiidei
406 3940 719 4012 promiserautsemori
732 3957 796 3998 cnm
849 3945 943 3997 nutem
959 3940 1062 3998 dicitur
1078 3941 1165 3998 tuisse
1191 3943 1334 4010 Joannes;
1359 3949 1436 3998 unce

215 4025 262 4081 co,
277 4010 379 4068 timore
402 4011 523 4084 tugiunt,
538 4013 721 4070 immemores
739 4027 796 4068 suae
849 4012 962 4068 Bodas·
978 4013 1114 4068 tuomum
1127 4012 1211 4069 istum
1222 4013 1291 4069 nihii
1301 4017 1376 4070 aetat
1390 4012 1435 4069 in·

216 4081 425 4158 promissionis.
446 4101 460 4136 u
476 4084 555 4151 Quod
568 4087 652 4140 etiem
670 4083 798 4140 ridemus
852 4082 940 4155 teiiigi
961 4083 1048 4140 inisse
1070 4085 1218 4154 ioannem,
1249 4085 1329 4168 cujus
1350 4085 1436 4158 ionga

184 4177 187 4184 ⁴
219 4155 331 4228 impleri
349 4153 378 4210 in
394 4153 449 4225 his,
473 4157 519 4226 qui
546 4171 598 4227 pro
623 4169 721 4211 amore
748 4156 797 4211 Dei
854 4155 1037 4226 postiraecin
1054 4154 1211 4213 carmarita
1230 4156 1336 4218 indicio
1350 4161 1404 4214 cst.-
1421 4175 1435 4206 n

213 4241 318 4300 megae
347 4239 379 4283 se
406 4226 738 4300 premonstratores,
769 4231 798 4283 et
854 4229 1055 4283 Ettcuuerunt
1082 4243 1153 4292 eum,
1167 4225 1275 4285 scilicet
1289 4227 1380 4301 impii,
1408 4233 1437 4284 ut

212 4299 462 4373 postmodumnon
476 4297 609 4372 impiant;
625 4313 684 4356 nan
701 4303 796 4356 tannen
852 4299 912 4368 tiis,
926 4298 1030 4370 reiecto
1050 4299 1165 4357 emanue
1184 4313 1234 4358 seu
1255 4300 1436 4368 uestimento,
