2974 5040
170 357 199 409 Si
516 341 673 402 SECUNDAE
699 339 816 411 Pthiis
845 353 949 408 silui
977 353 1050 408 ixii

171 459 296 527 ludaeos,
314 455 363 529 qui
385 455 487 527 Legem
506 455 646 510 noverant
668 453 696 508 et
713 449 754 506 in·

172 532 249 590 vidia
261 529 450 588 morabantur
464 541 472 582 r
488 528 636 597 Propterea
651 525 700 594 pul
713 537 756 577 me

172 603 293 662 tradidit
312 601 375 670 tibi,
391 597 484 668 majas
502 599 644 678 peccatam
663 595 753 650 hobal.

174 695 189 731 i
208 677 274 734 Plus
293 671 370 730 enim
396 674 505 742 peccat,
519 675 602 726 utail
615 668 754 736 iuposit-

173 763 237 816 nuo,
250 744 299 818 qui
313 741 448 818 potestati
471 739 654 798 innocentem
679 735 754 794 oeci-

173 818 299 878 dendum
314 815 404 871 livore
418 811 516 881 tradit,
528 825 613 884 qnam
628 814 755 882 potestas

173 891 247 964 ipsa,
266 890 289 945 si
305 901 370 944 eum
385 884 487 942 timore
502 882 621 941 alterius
637 879 755 954 majoris

139 991 141 995 ·
172 958 323 1036 potestatis
345 955 458 1014 occidit.
475 959 531 1013 Nec
548 952 675 1010 timendo
692 951 754 1024 qui-

174 1035 250 1102 dem,
274 1027 435 1104 prasertim
457 1025 650 1094 innocentem,
670 1026 755 1081 homo

172 1103 319 1162 hominem
334 1101 420 1160 dehet
431 1099 576 1168 occidere3
594 1097 644 1153 sed
660 1099 756 1152 lamen

174 1175 203 1234 id
223 1175 340 1234 relando
365 1173 469 1241 iacere,
485 1171 574 1228 multo
590 1167 681 1240 magis
694 1184 755 1224 ma·

173 1249 234 1306 lum
254 1251 298 1305 est
313 1259 400 1319 quam
419 1242 547 1300 timendo
564 1259 571 1298 :
589 1260 603 1294 ι)
618 1241 681 1296 hmo
694 1240 756 1296 Aa·

175 1322 314 1391 partious.
335 1319 369 1374 Et
391 1313 522 1372 similiter
544 1311 666 1370 traditor
688 1311 757 1439 (plus

175 1389 375 1466 perscribam
389 1402 441 1460 pro
451 1389 562 1458 quaestu
576 1399 641 1442 eum
651 1385 685 1440 lu
708 1381 758 1439 aiis

175 1461 303 1522 tradidit.
321 1459 410 1532 liujus
434 1473 503 1530 argo
523 1461 586 1514 erat
611 1459 757 1529 peccatum

175 1536 258 1594 tuda
285 1537 314 1590 et
341 1530 516 1596 ludieorum,
541 1544 626 1610 quam
651 1525 756 1583 Pilati:

174 1609 243 1681 quia
250 1605 287 1662 ad
301 1601 473 1660 occisionem
489 1598 592 1658 Christi
603 1599 691 1656 ludas
706 1596 759 1654 luit

174 1681 271 1736 motus
290 1671 455 1746 cupiditate.
471 1669 565 1728 Judaei
581 1676 675 1726 autem
691 1685 759 1726 ran·

178 1764 262 1815 core3
275 1745 325 1802 sed
346 1743 453 1800 Pilatus
469 1743 595 1799 humano
610 1740 723 1798 timore.

214 1825 247 1878 ib
260 1819 313 1876 San
326 1818 342 1874 J
345 1831 478 1872 uuaonuii
490 1829 656 1870 cniuoninns
667 1829 760 1869 nanni-

176 1908 237 1960 nus,
257 1907 309 1947 rio
323 1903 468 1946 nniouniii
481 1901 659 1944 iuuicinnnus
674 1901 759 1942 senii.

175 1993 211 2008 -
226 1967 262 2020 Et
276 1961 389 2032 calade,
409 1961 438 2015 id
455 1963 498 2016 est
515 1975 548 2016 ei
561 1958 615 2014 hac
625 1972 720 2027 causa,
732 1959 761 2013 et

176 2041 294 2112 pmpter
312 2033 377 2103 hoo,
390 2030 498 2090 scilicet
515 2045 553 2087 ne
573 2033 712 2102 peccaret,
732 2032 761 2084 et

176 2111 324 2184 peceatum
348 2105 468 2162 haberet
489 2101 645 2160 occidendo
672 2101 760 2156 inno-

176 2183 299 2248 centem,
312 2182 341 2235 ει
351 2175 402 2234 ilai
414 2173 528 2244 Filium,
537 2174 675 2246 quaerebat
687 2173 761 2228 Pilo-

175 2257 220 2308 tiis
230 2253 369 2307 dimittere
377 2263 437 2304 eum
450 2248 623 2312 absolutum,
631 2241 761 2328 quamvis

176 2321 272 2380 minus
284 2325 359 2377 esset
369 2333 492 2391 peccans
503 2331 588 2390 quani
600 2315 660 2384 alii,
671 2317 686 2372 l
691 2315 760 2370 udas

177 2391 287 2450 scilicet
300 2396 329 2448 ot
342 2389 446 2456 ludaei,
462 2389 511 2460 qui
524 2385 705 2443 tradiderunt
720 2385 761 2442 il-

177 2463 237 2520 lum
253 2479 261 2519 ι
278 2477 336 2518 non
351 2460 427 2532 quod
440 2463 507 2516 tunc
542 2456 646 2514 rimum
665 2455 760 2513 conoi-

177 2473 761 2676 anziaiiiviimllnan:

178 2671 762 2744 mitiorasedexlunoomninoetconstan·

177 2750 200 2806 ti
215 2745 311 2804 animo
324 2745 471 2819 querebat
484 2743 539 2801 hoc
553 2743 657 2800 iacere.
672 2745 763 2800 lactei

178 2813 762 2889 autemnonralentesperialsasaccusati·

177 2885 763 2962 onesciroumrenirejudlcem‚niiunturei

179 2963 216 3020 de
227 2961 335 3034 injuria
344 2959 464 3019 [laseris
475 2960 606 3033 ingerere
618 2957 762 3028 timorem,

178 3029 763 3104 etideodehocmagisquamdeomnibus

176 3104 306 3235 alizpegibus
317 3103 401 3234 {iutilia
415 3118 481 3232 epm
495 3107 604 3233 tegre'r'e
616 3105 761 3229 pulgntets,

175 3195 247 3236 om
285 3193 321 3234 oa
379 3191 500 3233 icones:
542 3191 552 3231 i
590 3190 643 3232 aaa
685 3190 763 3229 rmi-

175 3253 224 3318 tir,
235 3249 283 3378 igni
296 3265 327 3306 aa
336 3219 446 3334 ’Regem
461 3245 604 3312 laetanea
617 3261 644 3302 es
658 3249 763 3302 amieos

175 3326 205 3380 ει
217 3321 236 3379 u
260 3320 312 3378 elis
325 3323 456 3378 minister
468 3321 595 3388 casaris,
608 3317 692 3374 idest
706 3333 763 3373 non

175 3393 252 3476 zelas
265 3407 317 3464 pro
333 3391 443 3448 honore
465 3395 495 3447 et
519 3393 627 3446 statuto
653 3387 763 3446 domini

176 3467 220 3520 tui
233 3462 431 3526 custodiendo,
442 3465 472 3517 ει
483 3459 547 3516 ideo
558 3459 714 3516 amicitiam
726 3458 763 3515 il·

176 3533 230 3590 lius
242 3532 367 3590 amittes.
380 3533 474 3590 Omnis
485 3533 558 3587 enirn
569 3533 620 3601 qui
631 3545 660 3588 ie
673 3547 763 3600 reperii

176 3607 259 3674 sarh,
272 3605 438 3676 usurpando
451 3605 624 3676 potestatem
637 3601 761 3672 sibimet,

174 3675 340 3733 contradicit
353 3676 463 3734 caseri.
479 3675 672 3746 imperatores
684 3672 761 3732 enim

174 3746 294 3804 Romani
308 3747 484 3804 abstulerant
495 3761 514 3804 a
526 3744 634 3803 ludaeis
653 3745 762 3817 regiani

177 3817 361 3890 dignitatem
374 3823 403 3876 et
414 3817 491 3890 ideo,
503 3817 550 3890 qui
561 3817 660 3876 interl
665 3821 763 3874 aomos

179 3887 763 3960 dicebatacesseregem,ridebaluriace·

173 3977 206 4044 re
219 3967 320 4018 contra
335 3961 521 4032 Imperatoris
537 3960 760 4030 ordinationem,

174 4049 237 4090 sine
251 4034 334 4104 cujus
345 4047 488 4088 consensu
503 4046 561 4088 non
574 4031 685 4088 solebat
696 4030 761 4102 quis

173 4103 257 4161 titulo
274 4102 314 4160 uti
330 4103 421 4176 regio.
438 4103 504 4158 ilaec
517 4103 594 4158 eniin
609 4102 761 4175 potestatis

171 4183 214 4234 εει
224 4180 348 4232 terreno
363 4178 475 4244 natura,
488 4172 566 4244 uuod
581 4189 639 4230 una
651 4179 695 4229 εει
709 4175 761 4229 im·

171 4248 283 4332 patiens
309 4243 449 4305 consortii
474 4243 606 4316 aliarum,
631 4245 706 4302 unde
731 4249 760 4302 ει

170 4321 236 4381 ideo
250 4321 346 4380 Caesar
360 4333 418 4378 nou
432 4317 595 4396 patiebatur
608 4313 696 4376 alium
710 4317 759 4374 do·

810 455 924 516 minari.
937 459 989 518 Ubi
1007 461 1213 530 chrysostomos
1226 475 1233 514 :
1249 481 1263 510 α
1275 459 1309 515 Et
1321 457 1386 514 unde

810 527 921 588 habetis
936 531 1133 589 demonstrare
1149 531 1247 588 hocta
1260 545 1385 601 purpura.

810 615 827 657 a
839 601 1011 674 diademate,
1025 620 1042 660 a
1054 603 1144 672 curia,
1157 603 1200 659 rel
1214 619 1233 660 a
1246 599 1387 658 militibus?

810 673 909 756 llonne
932 677 1009 732 solus
1033 691 1146 747 semper
1168 689 1234 733 cuni
1252 672 1388 746 discipulis

810 747 970 828 incedebat.
994 745 1154 820 peroninia
1181 745 1280 804 uiliter
1305 749 1389 800 trans·

809 829 883 898 iens,
900 824 928 876 et
943 819 1037 876 cibum
1054 822 1082 875 et
1107 817 1237 875 scholam
1252 821 1282 874 ot
1294 815 1390 876 habiti·

809 891 940 948 tionem‘l
954 909 968 943 o
981 892 1090 946 Pilatus
1103 895 1195 948 autem
1205 905 1270 946 oum
1280 889 1390 944 audisset

809 961 857 1018 lios
873 978 1018 1032 somanites,
1035 966 1063 1018 et
1076 961 1170 1018 minas
1192 961 1249 1018 sibi
1271 958 1392 1018 interris

809 1034 915 1160 Rapido
933 1033 969 1090 de
985 1032 1183 1106 indignatione
1200 1033 1337 1096 Caesaris,
1349 1032 1392 1088 ail-

832 1119 866 1160 uc
879 1105 943 1176 plui
955 1105 1059 1163 timuit.
1076 1107 1158 1174 Nam,
1171 1106 1333 1163 secundum
1346 1105 1393 1158 itu·

809 1188 961 1256 pastinum,
974 1201 1032 1244 non
1045 1185 1085 1243 sic
1100 1185 1194 1258 poluit
1211 1185 1325 1242 Pilatus
1339 1199 1393 1240 con·

810 1259 937 1316 temnere
954 1259 1095 1316 Caesarem
1110 1263 1262 1316 auctorem
1276 1260 1393 1330 potesti-

811 1333 846 1396 tis
861 1355 931 1407 suae,
947 1337 1192 1411 quemadmodum
1208 1339 1318 1412 Legem
1335 1355 1394 1410 gen·

811 1411 849 1468 tis
865 1409 976 1468 alienia.
991 1411 1106 1470 Timone
1122 1426 1191 1482 ergo
1207 1411 1363 1476 Caesarem,
1374 1413 1395 1464 et

813 1500 872 1542 non
888 1484 998 1540 audens
1022 1483 1110 1540 etiam
1135 1483 1298 1541 secundum
1322 1482 1394 1538 mini·

813 1571 890 1612 mani
904 1553 1103 1627 apparentiam
1118 1553 1212 1614 lacere
1227 1559 1333 1613 contra
1344 1553 1395 1624 ejus

814 1628 964 1695 honorem,
980 1625 1105 1684 adduait
1117 1627 1207 1696 soros,
1220 1626 1255 1684 id
1270 1631 1315 1684 est
1329 1631 1396 1681 citri

837 1697 1209 1767 raetoriumlesam,etsadit
1237 1698 1396 1756 retribuan-

815 1715 848 1899 l
861 1769 1023 1914 brari
1036 1716 1267 1899 alalllrfr
1281 1769 1396 1894 ιΓίιε

843 1859 851 1912 ;
1181 1859 1222 1900 aec
1261 1859 1302 1900 rae
1323 1857 1361 1898 osi

813 1930 876 1988 pro,
893 1911 1030 1995 idemest
1047 1913 1124 1984 quod
1138 1919 1205 1972 ante
1228 1859 1278 1972 igal
1298 1858 1338 1981 ilii,
1352 1913 1395 1968 lios

816 1989 858 2044 est
880 1985 954 2067 sedit
977 1999 1008 2040 iu
1027 1983 1090 2042 loco
1109 1985 1186 2042 sedis
1197 1985 1395 2058 iudicaraseu

815 2057 852 2115 ad
878 2055 1078 2128 judicandum,
1124 2057 1181 2114 uod
1208 2063 1254 2114 est
1281 2054 1395 2114 officium

815 2127 940 2186 sedentis
953 2126 983 2184 in
998 2072 1145 2186 tribuniii.
1157 2131 1206 2186 Est
1218 2129 1300 2188 enini
1316 2125 1395 2184 tribu·

815 2199 868 2283 nal
881 2199 964 2256 sedes
976 2197 1118 2270 judicum,
1135 2199 1209 2258 sicul
1221 2203 1348 2258 thronus
1360 2195 1395 2252 rol

816 2271 919 2330 solium
935 2286 1036 2342 reguni
1049 2277 1102 2338 εει,
1115 2275 1144 2328 ει
1158 2273 1299 2330 cathedra
1312 2271 1397 2328 docto

815 2359 889 2402 rum.
909 2345 943 2400 ill
963 2343 1067 2400 dicitur
1085 2343 1220 2412 tribunal,
1238 2344 1311 2418 qnia
1330 2339 1394 2414 apud

816 2417 960 2474 Romanos
972 2412 1079 2470 tribuni
1099 2431 1199 2472 causas
1218 2413 1396 2488 particulares

816 2487 1019 2554 decernebant,
1034 2485 1101 2542 dicti
1117 2503 1134 2543 a
1153 2487 1289 2544 tribubus
1307 2483 1396 2558 quihus

816 2558 1067 2634 praeponebantur.
1088 2558 1168 2616 Sedit
1190 2575 1271 2625 vero,
1291 2561 1322 2615 in
1336 2558 1394 2621 hoo,

817 2649 867 2718 qui
879 2645 984 2702 dicitur
1000 2643 1098 2702 Graece
1113 2643 1307 2720 Λιθὸπρωτος,
1322 2643 1349 2701 id
1361 2645 1396 2698 cst

817 2716 943 2789 lapidum
952 2721 1086 2778 stratura.
1096 2719 1156 2777 sive
1164 2719 1251 2776 etiam
1260 2718 1395 2791 pavimen·

816 2783 1396 2863 tumvarietatelapidumstratum:sicili-

818 2875 896 2928 ctum
909 2886 926 2927 a
937 2867 1017 2942 itta,
1032 2870 1108 2942 qnod
1119 2875 1162 2928 est
1177 2869 1260 2943 lapis,
1274 2873 1306 2926 ει
1318 2881 1395 2932 erpo·

817 2949 872 3017 ilo,
890 2950 968 3022 quod
983 2957 1028 3009 εει
1041 2955 1176 3018 stratura,
1192 2966 1242 3007 seu
1257 2947 1396 3034 pavimen·

818 3026 879 3079 tum
892 3039 901 3093 ;
921 3021 989 3094 quia
1000 3023 1048 3082 ille
1067 3023 1147 3079 locus
1160 3020 1284 3079 dirersis
1298 3017 1396 3094 lapidi-

818 3094 942 3151 buseral
969 3089 1395 3165 arimenlatus,eleratantedo-

819 3179 897 3222 mum
909 3110 1006 3248 ΙΡίΓειι.
1021 3167 1155 3224 Hebraico
1167 3164 1348 3230 autanidem
1361 3162 1396 3242 lo·

820 3253 868 3320 cus
887 3237 1036 3296 dicebatur
1048 3239 1204 3305 Gabbatbo,
1217 3236 1247 3294 id
1256 3241 1302 3293 est
1316 3234 1395 3300 collis,

820 3324 879 3365 siva
894 3309 1065 3379 sublimitas,
1082 3326 1116 3367 ex
1132 3307 1347 3366 coacervatione
1363 3305 1396 3360 la-

819 3379 917 3462 pidum
932 3397 939 3449 ;
960 3381 1028 3454 quia
1046 3381 1126 3438 locus
1144 3381 1198 3438 iuit
1214 3377 1355 3447 sublimia,
1373 3379 1396 3431 el

820 3467 900 3509 vario
917 3452 1012 3526 lapide
1030 3457 1147 3523 stratus,
1162 3452 1193 3509 in
1209 3467 1266 3526 quo
1281 3445 1394 3507 tribunal

820 3527 891 3581 erat.
914 3527 988 3581 Erat
1004 3529 1096 3582 autem
1125 3528 1286 3587 Poroseeoe,
1310 3521 1339 3578 id
1360 3521 1395 3575 est

819 3595 992 3678 praeparatio
1004 3598 1126 3662 Pascha,
1140 3597 1208 3652 liora
1222 3595 1307 3668 quasi
1315 3595 1395 3649 secto.

820 3669 927 3724 Graecis
941 3666 1058 3724 admixti
1073 3667 1167 3726 ludaei
1183 3666 1291 3724 arecio
1307 3663 1395 3722 erebro

819 3747 976 3804 utebantur
993 3747 1150 3804 uocabulis.
1171 3747 1327 3820 liupaoxmii
1347 3760 1393 3802 au-

818 3823 876 3900 tem
888 3819 986 3876 Graece
999 3818 1103 3876 dicitur
1111 3817 1284 3892 praeparatio
1297 3817 1392 3878 Latine.

819 3889 865 3946 Sic
879 3889 1031 3946 dicebatur
1045 3889 1118 3948 ieria
1136 3895 1226 3962 seila,
1243 3891 1311 3963 quia
1326 3891 1352 3948 in
1366 3901 1394 3942 en

818 3961 1257 4046 preparabantnocessariapro
1273 3963 1394 4038 sabbato,

817 4033 1394 4174 llPlhllllblltlbutilitas}

817 4175 881 4246 plex
898 4191 1003 4258 manna
1019 4175 1091 4232 laria
1104 4183 1194 4246 seila,
1210 4171 1394 4251 proptersab·
1457 4223 1458 4238 ,

817 4249 915 4304 batum
936 4247 1121 4322 colligebant.
1141 4248 1251 4306 Dicitur
1266 4248 1350 4307 etiam
1364 4243 1393 4300 lo·

817 4318 861 4376 ria
870 4323 949 4376 seila
959 4320 1144 4395 praeparatio,
1156 4320 1225 4394 quia
1233 4319 1324 4378 ludaei
1336 4329 1393 4394 pra·
