3104 5034
552 399 591 453 llll
620 398 733 455 ltdttl
761 401 910 455 tontole.

111 501 200 560 mille
221 499 352 560 ducentis
370 503 527 576 sexaginta,
542 504 571 561 id
595 511 637 563 est
652 505 703 562 tri-

111 575 174 631 bus
192 572 275 631 annis
288 579 316 630 et
330 573 458 645 dimidio,
473 578 546 633 sicut
569 583 598 634 ct
621 578 704 636 Cbri·

112 653 181 702 stus
201 645 376 718 praedicavit,
391 646 487 703 amicti
502 648 600 716 saccis,
618 648 646 705 id
661 653 705 706 est

112 715 317 790 poeniteutiam
327 719 414 775 verbo
427 718 613 788 praedicantes
623 727 652 778 et
662 737 705 778 ex·

112 789 214 861 emplo
227 803 278 845 suo
287 790 481 847 ostendentes.
493 792 645 860 mounes,
655 793 704 864 qui

114 875 293 932 cognoscere
309 865 337 916 et
351 861 479 918 confiteri
499 878 598 920 verum
616 866 705 920 Deum

115 936 230 998 volunt,
246 932 299 988 bos
312 931 383 989 duos
394 948 477 990 senes
493 939 521 990 et
533 950 648 991 veraces
662 941 704 991 te-

115 1009 178 1060 stes
190 1003 412 1086 subsequuntur²
431 1003 560 1076 iniquum
578 1021 705 1063 errorem

117 1074 306 1130 deserentes:
322 1089 461 1146 quomam
472 1077 523 1148 ipsi
538 1075 568 1132 in
583 1076 704 1148 magnis,

118 1151 148 1202 et
163 1147 350 1227 coram'Deu
367 1151 396 1204 et
409 1163 507 1204 coram
525 1148 630 1220 populo
650 1149 704 1205 lul-

118 1217 239 1288 gebuut‚
251 1233 329 1274 vicos
346 1221 375 1274 et
395 1217 525 1275 civitates
540 1225 568 1275 ct
584 1221 704 1289 plateas,

117 1287 278 1370 atquecalia
294 1288 355 1345 loca
369 1289 538 1362 ubicumque
554 1291 630 1348 lilius
643 1307 705 1363 per-

117 1359 426 1441 ditionrscontrariam
447 1361 608 1419 doctrinam
624 1377 706 1419 suam

118 1431 271 1499 eluerent,
301 1437 511 1502 percurrentes,
539 1449 573 1490 ac
603 1433 633 1490 in
663 1433 705 1491 eis

119 1501 210 1558 multa
221 1502 304 1573 sigua
318 1502 350 1558 in
364 1503 469 1574 Spiritu
485 1505 586 1561 Sancto
602 1503 704 1562 lacien-

120 1578 183 1641 tes;
198 1572 239 1630 ita
257 1579 287 1630 ut
301 1572 392 1630 omnis
406 1591 442 1647 po
465 1576 527 1632 ulus
550 1577 598 1648 qui
618 1593 653 1634 ea
669 1575 707 1632 vi·

120 1644 196 1700 derit
210 1644 239 1700 in
254 1644 404 1726 maximam
419 1591 638 1704 arfmiratioucm
653 1647 705 1704 du·

120 1723 212 1772 catur.
230 1716 337 1772 idcirco
352 1723 449 1774 aulem
468 1719 529 1774 haec
545 1734 650 1790 magna
665 1718 705 1775 si·

122 1803 188 1869 gna,
206 1803 291 1859 supra
305 1788 419 1846 firmam
438 1794 550 1861 petram
572 1789 705 1860 solidata,

122 1858 179 1914 vtlvs
197 1858 350 1928 dabuntur,
365 1865 505 1932 quotenus
520 1859 570 1918 illa
585 1866 706 1919 contra-

121 1929 215 2012 riauet
240 1929 311 1987 lalsa
325 1935 407 2001 signa
425 1930 608 2004 abjiciantur.
624 1933 705 1989 boti-

122 2001 244 2058 cbrtstus
259 2002 375 2059 tandem
390 2005 499 2060 occidet
513 2019 561 2060 eos
580 2002 610 2061 in
623 2006 705 2062 ieru-

123 2072 222 2142 salem,
235 2079 264 2129 et
279 2074 415 2144 jncebuol
430 2090 551 2147 corpora
563 2090 662 2134 eorum
676 2073 706 2132 in

124 2143 225 2216 plateis
245 2147 339 2201 tribus
359 2145 461 2203 diebus
478 2150 505 2202 et
528 2143 661 2204 noctibus
677 2151 706 2204 el

124 2215 242 2272 dimidio
263 2233 270 2272 ε
287 2215 458 2288 quianullus
474 2217 591 2274 audebit
605 2234 706 2290 corpo·

124 2303 157 2343 ra
177 2302 278 2343 eorum
300 2288 432 2360 sepelire,
455 2295 574 2362 propter
596 2294 706 2346 melum

124 2357 301 2440 antichristi,
326 2365 355 2416 ut
380 2359 552 2432 quicumque
572 2359 705 2432 viderint,

125 2435 242 2486 tvmeont
255 2433 297 2486 eis
309 2431 493 2488 conformari.
507 2433 574 2488 Post
583 2435 641 2489 tres
653 2449 705 2489 au·

126 2507 182 2557 tem
201 2500 262 2558 dies
282 2507 311 2558 et
337 2501 486 2560 dimidium
501 2509 663 2575 resurgent,
678 2508 707 2561 et

125 2573 160 2628 ad
180 2573 282 2629 coelum
297 2571 327 2630 in
344 2575 420 2631 nube
442 2575 607 2632 ascendent.
624 2574 705 2632 Anti-

125 2643 245 2700 christus
266 2660 332 2702 vero
348 2644 512 2716 quindecim
534 2645 636 2704 diebus
662 2663 707 2704 re·

125 2717 222 2786 gnabit
236 2721 300 2788 post
317 2721 439 2773 mortem
455 2717 580 2774 illorum.
597 2720 705 2790 Regna·

125 2787 166 2844 bil
178 2791 273 2842 autem
286 2786 377 2844 tribus
391 2787 473 2845 aunis
493 2793 520 2844 ct
536 2788 665 2858 dimidio,
677 2794 707 2846 el

127 2864 197 2930 post,
213 2856 349 2915 Dominus
362 2863 501 2930 potestate
520 2875 573 2916 sua
595 2859 706 2916 occidet

127 2945 189 2986 eum
205 2941 212 2984 t
228 2931 287 2986 sive
311 2945 362 3002 per
381 2947 422 3001 se,
438 2932 498 2988 sivo
513 2945 567 3002 per
580 2931 705 2987 Michae-

128 3000 180 3082 lem
201 3001 420 3084 Archangelum.
437 3001 586 3058 Occidetur
608 3007 706 3060 aulem

128 3089 156 3127 m
170 3076 265 3128 moute
284 3072 385 3129 Olvvcti
411 3073 439 3129 in
465 3071 618 3144 papilione,
633 3079 663 3129 et
676 3071 706 3128 in

126 3144 193 3200 solio
209 3159 272 3214 suo,
290 3145 318 3200 in
334 3143 396 3201 loco
416 3145 464 3202 illo
479 3146 554 3202 uude
571 3144 707 3201 Dominus

127 3212 266 3296 ascendia
287 3214 395 3272 scilicet
416 3215 447 3272 in
467 3214 578 3287 praelati
602 3215 708 3272 montis

128 3291 239 3354 verlice,
255 3287 304 3358 qui
327 3285 431 3344 dicitur
448 3286 581 3360 inclytus,
595 3288 706 3359 quiaex

127 3373 159 3414 eo
174 3357 302 3415 Salvator
324 3357 454 3416 ascendit
471 3359 508 3416 ad
526 3365 651 3431 patrem;
669 3356 707 3416 ibi

129 3445 191 3485 uam
214 3428 708 3501 ueperibit,undeDominusasceu·

129 3497 177 3581 dit.
194 3445 257 3567 zuo
281 3499 441 3570 interiecto,
459 3517 517 3559 non
543 3501 640 3560 statim
662 3517 709 3558 ve·

130 3576 184 3628 met
197 3570 335 3628 [lominus
355 3573 392 3628 ad
406 3572 557 3654 iudicium,
570 3573 622 3630 sed
638 3589 707 3630 cou-

129 3643 261 3698 cedcutur
280 3643 470 3714 quadraginta
495 3645 624 3715 quinque
647 3643 708 3700 dies

129 3713 162 3794 ad
180 3714 360 3795 relcigervum
374 3717 554 3784 Sanctorum,
566 3721 594 3771 et
608 3715 708 3787 adpoe·

130 3790 274 3842 nttcntram
285 3788 496 3843 subversorum.
508 3787 653 3854 Quantum
661 3802 708 3843 au·

131 3860 183 3912 tem
202 3855 239 3912 sit
262 3857 386 3929 spatium
403 3860 478 3914 inter
498 3859 561 3913 illos
579 3857 709 3929 quadru-

130 3925 204 3999 giuta
218 3927 343 4010 quinque
358 3928 430 3998 dies,
442 3933 472 3986 et
495 3928 583 3986 linem
598 3927 708 3997 muudi,

130 4014 209 4079 uento
225 4008 289 4056 scrt.
309 4000 399 4058 ludaei
424 4007 492 4058 tunc
515 4000 552 4057 ad
576 4000 709 4070 pradica-

132 4075 234 4126 tionem
252 4073 367 4128 lienocb
381 4077 409 4129 et
425 4071 493 4130 Elia
508 4075 711 4129 convertentur

132 4142 164 4198 ad
178 4141 274 4210 iidem,
290 4148 319 4199 et
332 4148 431 4201 sancta
440 4142 566 4202 Ecclesia
580 4142 710 4215 usquein

133 4213 215 4270 linem
232 4213 330 4270 mundi
345 4214 465 4286 pacifica
477 4215 604 4287 quiescet
619 4231 626 4270 :
643 4213 709 4286 quia

133 4293 240 4341 extunc
260 4285 452 4344 fraudulentia
474 4295 502 4344 et
525 4283 634 4344 saevitia
647 4284 710 4343 dia-

135 4355 184 4412 boli
199 4354 308 4427 penitus
321 4355 442 4412 deliciet.

1304 395 1350 448 tet

793 515 810 576 4
838 509 1047 565 Courmomrvo
1074 521 1168 562 uuum.
1202 535 1236 550 -
1263 503 1345 562 Circo

758 579 1011 650 conflagrationem
1022 577 1120 634 mundi
1134 576 1281 634 sciendum
1291 581 1344 644 est,

758 651 835 780 guod
848 649 923 724 ignis
936 649 1127 722 permaximus
1136 649 1346 705 adventumtu-

778 722 829 779 icis
850 719 1016 792 praveniet‚
1033 725 1061 776 et
1080 720 1182 776 laniem
1199 720 1258 792 ejus
1270 733 1344 791 prae·

759 794 862 851 cedet:
883 791 950 865 quia
969 791 1074 848 virtute
1098 792 1194 848 divina
1222 806 1280 848 non
1302 805 1346 846 so·

759 865 818 922 lum
829 863 916 937 iguis,
931 863 980 936 qui
995 862 1077 920 estin
1088 863 1201 935 sphaera
1216 879 1283 931 sua;
1295 861 1346 918 sed
1412 921 1416 930 ,

759 939 846 994 etiam
861 951 960 993 omues
982 933 1075 1007 ignes,
1091 939 1121 991 et
1137 933 1231 1005 quiin
1258 939 1346 1002 terra,

759 1013 789 1066 et
807 1006 855 1078 qui
870 1022 956 1079 super
975 1010 1082 1063 terram
1102 1009 1179 1074 sunt,
1195 1005 1231 1061 ad
1248 1003 1347 1060 mundi

760 1077 1013 1152 conflagrationem
1029 1081 1210 1134 concurrent.
1227 1075 1282 1132 Per
1305 1076 1347 1130 is-

760 1154 820 1208 tum
835 1150 930 1222 ignem
945 1149 1028 1222 quasi
1042 1147 1126 1205 simul
1147 1147 1198 1204 liet
1216 1145 1347 1218 purgatio

757 1222 912 1295 justorum,
926 1227 954 1277 et
976 1219 1086 1293 punitio
1112 1218 1265 1287 malorum,
1280 1216 1349 1274 inci-

761 1292 872 1350 neratio
887 1307 1038 1362 corporum
1052 1297 1081 1348 et
1096 1288 1273 1360 consumptio
1291 1296 1347 1345 ter·

760 1381 801 1422 rae
827 1365 1016 1421 nascentium.
1043 1362 1164 1420 Habebit
1192 1363 1269 1417 enim
1293 1359 1347 1416 iste

762 1435 836 1518 ignis
847 1434 975 1492 olllcium
989 1440 1112 1505 quatuor
1128 1431 1246 1502 ignium,
1267 1431 1348 1488 vide·

761 1507 845 1564 licet:
860 1505 1100 1578 ignisiulcrnalis,
1111 1503 1147 1560 ad
1159 1503 1347 1572 reproborum

761 1577 950 1651 punitionem3
970 1575 1044 1648 ignis
1058 1573 1227 1647 purgatorii,
1241 1575 1277 1630 ad
1295 1575 1346 1630 bo-

763 1664 866 1706 norum
880 1664 897 1705 a
915 1646 1073 1704 venialibus
1093 1647 1311 1718 purgationem
1327 1644 1349 1700 i-

762 1720 826 1792 gnis
838 1717 982 1778 terrestris
993 1719 1030 1775 ad
1041 1715 1242 1790 vegetabilium
1250 1723 1278 1772 et
1287 1731 1347 1772 sen·

763 1791 887 1850 sibilium
909 1789 1170 1861 consumptionem,
1194 1793 1223 1845 et
1245 1803 1348 1860 corpo·

762 1879 826 1920 rum
848 1861 1106 1929 incinerationem;
1134 1865 1163 1917 et
1191 1858 1266 1930 ignis
1290 1859 1348 1916 ele·

763 1933 910 2003 menteris,
926 1933 962 1990 ad
986 1932 1193 1990 elementorum
1218 1930 1348 1988 subtilia·

762 2005 882 2068 tionem,
903 2009 931 2060 el
949 2003 1141 2060 innovationis
1164 2017 1264 2059 eorum
1291 2001 1349 2058 dis·

763 2073 944 2205 positionem.
958 2077 1012 2132 Per
1027 2075 1102 2131 bunc
1114 2089 1183 2144 ergo
1199 2071 1296 2144 ignem
1309 2072 1349 2129 ita

775 2147 851 2206 acies
876 2153 961 2204 terra
987 2151 1132 2216 exuretur,
1156 2145 1232 2216 quod
1256 2143 1349 2214 figura

763 2217 965 2292 hujusmundi
985 2217 1109 2290 peribil;
1131 2215 1205 2271 sicul
1227 2221 1256 2272 et
1282 2213 1350 2271 olim

764 2307 814 2362 per
832 2289 968 2348 diluvium
993 2289 1099 2345 iactum
1116 2286 1178 2343 luit.
1195 2289 1229 2343 Et
1250 2287 1352 2342 merito

762 2361 886 2435 primum
905 2360 955 2418 Dei
969 2358 1109 2432 jndicium
1131 2357 1184 2415 luit
1208 2357 1238 2413 in
1265 2373 1350 2428 aqua,

762 2439 863 2490 contra
890 2433 1023 2490 ardorem
1046 2429 1177 2498 luxuriae,
1199 2444 1262 2501 quae
1284 2436 1351 2484 tunc

762 2503 865 2577 viguil;
879 2505 1011 2562 ultimum
1025 2518 1092 2558 vero
1103 2499 1307 2574 judiciumerit
1320 2500 1349 2556 in

761 2577 839 2648 igne,
857 2583 956 2633 contra
978 2580 1105 2646 teporem
1132 2571 1271 2641 caritatis,
1286 2587 1350 2642 quae

761 2652 840 2716 tunc,
856 2651 1022 2706 senescente
1036 2643 1118 2718 quasi
1136 2643 1254 2714 mundo,
1270 2642 1350 2700 relri·

762 2723 873 2791 gesoet.
930 2765 933 2770 .

796 2795 812 2846 5
830 2792 1018 2846 llesuaaecrvo
1035 2805 1222 2845 astusastus.
1238 2817 1273 2828 -
1289 2787 1350 2854 Quo

761 2861 847 2930 lacto,
862 2859 959 2916 statim
974 2861 1031 2916 erit
1044 2857 1217 2916 resurrectio
1234 2865 1349 2913 mortu-

762 2946 844 2989 orum
858 2945 1021 3002 corporum,
1031 2944 1095 2986 cum
1105 2929 1231 2986 adventu
1242 2927 1349 2984 Judicis

763 3002 800 3060 ad
810 3001 969 3075 judicium;
986 3005 1015 3058 et
1037 3008 1106 3057 tunc
1123 2998 1350 3056 inflammabitur

764 3080 840 3131 tolus
868 3072 990 3130 mundus
1016 3087 1068 3145 per
1092 3069 1252 3129 circuitum.
1279 3069 1350 3138 Quia

764 3145 840 3202 enim
852 3145 938 3201 homo
953 3143 983 3200 in
997 3143 1131 3201 animaet
1141 3157 1270 3212 corpore,
1281 3141 1349 3198 dum

764 3216 810 3273 bic
825 3215 933 3272 viveret
959 3214 1064 3272 meruit
1090 3220 1120 3271 et
1144 3213 1301 3282 demeruit;
1321 3213 1351 3268 in

764 3285 955 3345 animasimul
968 3294 997 3343 et
1012 3301 1132 3357 corpore
1143 3284 1290 3365 punietur,
1306 3283 1349 3340 vel

765 3360 795 3420 in
812 3365 934 3431 utroque
957 3355 1171 3428 praemiabitur;
1186 3362 1214 3413 et
1236 3355 1301 3412 ideo
1322 3356 1350 3410 in

765 3430 874 3488 eisdem
892 3435 1005 3502 oportet
1023 3444 1090 3486 eum
1114 3442 1276 3498 resurgere.
1298 3427 1352 3482 Re·

765 3507 884 3574 surgent
901 3505 997 3558 autem
1016 3515 1117 3557 omnes
1140 3497 1270 3556 homines
1293 3503 1351 3554 tam

765 3571 834 3632 boni
853 3587 940 3646 quam
959 3571 1037 3642 mali,
1058 3570 1138 3628 nulle
1166 3569 1196 3626 in
1216 3567 1273 3625 illis
1292 3569 1348 3626 exi·

766 3650 860 3702 stente
879 3643 1053 3712 dillerentia,
1070 3645 1210 3715 quantum
1225 3640 1261 3696 ad
1276 3639 1352 3698 ordi·

765 3731 832 3773 nem
845 3713 994 3788 temporis,
1019 3713 1070 3772 sed
1092 3717 1229 3784 quantum
1255 3711 1292 3768 ad
1309 3727 1352 3768 or·

766 3787 862 3844 dinem
877 3784 1036 3859 dignitatis.
1058 3783 1170 3842 Etenim
1194 3783 1262 3840 mali
1288 3799 1351 3840 sur·

767 3861 835 3941 gent
848 3857 992 3914 deformes
1006 3861 1035 3914 cl
1050 3855 1210 3928 passibiles,
1226 3857 1353 3914 imolam

766 3928 990 4000 ignominiosum
1004 3926 1060 3985 erit
1072 3941 1174 3999 corpus
1184 3926 1354 3999 peccatoris,

766 4000 843 4073 quod
863 3999 959 4057 anima
978 4013 1127 4056 resumens
1146 3997 1241 4070 ipsum
1261 4003 1356 4069 stupe-

767 4071 809 4129 bit
824 4071 938 4144 quondo
951 4069 1022 4128 illud
1036 4069 1154 4138 videbit,
1168 4075 1196 4126 et
1210 4068 1303 4141 ipsum
1316 4085 1355 4122 vv-

767 4143 836 4201 dere
851 4141 1028 4210 abhorrebit,
1043 4147 1072 4199 et
1093 4141 1179 4198 vellet
1198 4143 1291 4211 potius
1306 4139 1355 4196 ba-

767 4215 835 4272 bcre
850 4214 908 4272 tale
924 4230 1028 4284 corpus
1049 4213 1133 4285 quale
1153 4216 1225 4278 erat,
1240 4211 1353 4290 quando

767 4284 918 4343 dimidium
934 4289 1089 4342 comestum
1105 4282 1158 4340 luit
1171 4281 1353 4338 avermrbus.

768 4359 800 4414 ln
828 4356 911 4415 bonis
937 4363 1030 4414 autem
1060 4360 1161 4411 natura
1182 4350 1353 4421 servabitur,
