3036 5042
189 442 205 493 6
513 431 676 488 sternunt
703 431 824 488 erutis
851 431 956 488 citur
985 431 1071 487 LVIII

190 542 315 614 mortali,
328 557 380 616 pro
394 539 546 598 millesima
556 543 639 612 parta
650 553 709 597 non
719 539 771 596 im·

187 617 330 695 plerisset,
357 627 443 743 quem
473 610 617 669 exsolvere
646 609 675 668 in
700 609 771 669 locis

186 685 347 767 purgatorii
381 686 499 742 ccedens
513 687 664 756 cogeretur
682 698 772 754 usqne

184 763 221 822 ad
245 760 395 818 minimum
414 755 627 830 quadrantem?
650 753 773 813 Onimis

183 835 270 905 longa
283 830 397 888 miseras
424 828 528 885 unImaa
545 827 733 900 exspectatiol
750 827 773 884 0

185 905 295 964 diutina
311 907 340 960 at
354 901 459 958 acerba
479 898 599 956 nimium
623 897 772 968 cruciatio,

185 977 267 1036 dolor
282 987 472 1060 perseverans
487 977 516 1028 et
527 975 696 1054 immensus,
712 985 773 1043 pce·

186 1048 309 1106 nitentia
324 1044 438 1118 gravior
457 1059 534 1100 omni
555 1044 686 1100 terrestri
703 1059 774 1099 cru-

188 1119 277 1178 ciatui
297 1115 353 1177 Sed
371 1115 435 1173 ride
459 1114 536 1186 quod
558 1115 633 1171 hane
653 1127 774 1242 paenam

190 1191 336 1250 levissima
349 1197 378 1246 et
392 1187 560 1246 brerIssima
583 1185 652 1244 satis
664 1186 775 1242 actione

192 1264 491 1336 compensareposset,
504 1257 673 1342 quicumque
684 1256 775 1330 ipsam

194 1338 229 1393 de
243 1339 378 1392 thesauro
393 1331 538 1389 Passienus
552 1329 627 1403 hgni
641 1333 775 1386 immacu·

193 1406 244 1465 lati
257 1409 384 1477 recipere
399 1402 495 1460 sciret.
509 1400 560 1458 iiic
574 1417 697 1474 namque
711 1403 775 1458 the-

192 1493 294 1537 saurus
313 1473 547 1550 pretiosissimus,
562 1477 679 1546 propter
698 1473 777 1530 cari-

193 1545 778 1618 tatemmeximampersonamquedignis·

192 1623 305 1690 simam,
321 1636 355 1678 ae
368 1620 497 1676 dolorem
512 1615 776 1684 immensissimum,

191 1693 339 1752 sulliciens
362 1695 405 1748 est
432 1696 461 1746 et
478 1689 725 1762 superabundans.
745 1689 779 1744 Et

190 1765 256 1823 ideo
274 1763 371 1822 taliter
386 1767 485 1835 posset
500 1775 531 1818 se
551 1762 637 1817 homo
653 1760 779 1817 adhunc

188 1836 348 1910 applicare,
365 1839 394 1892 et
411 1833 446 1890 de
461 1833 523 1905 ejus
533 1831 636 1889 merito
651 1836 681 1889 et
699 1830 779 1888 satis·

191 1910 388 1966 lactionetem
413 1905 515 1962 devote
537 1903 574 1960 ad
598 1919 628 1962 se
644 1903 777 1974 trahere;

190 1985 223 2038 ut
238 1979 262 2038 si
277 1979 355 2036 mille
368 1975 453 2035 annis
470 1975 586 2048 purgari
603 1975 731 2045 deberet,
750 1973 780 2031 in

192 2051 273 2110 brevi
288 2051 324 2108 de
344 2055 403 2106 toto
418 2048 599 2106 liberaretur.
616 2046 645 2104 Si
656 2061 725 2121 ergo
737 2047 781 2103 vis

192 2119 781 2249 penamperpatoriiiongnmetacerbam

193 2211 225 2253 tn
250 2200 437 2266 tempnraem
467 2192 584 2249 brevem
618 2207 652 2249 ae
689 2191 781 2248 levem

197 2271 388 2334 commutare;
405 2263 519 2322 studeas
529 2263 591 2320 haec
606 2263 710 2320 iacere.
723 2261 782 2318 Pri-

198 2355 246 2396 mo
260 2337 398 2406 omnium,
408 2335 496 2392 debes
506 2335 592 2391 corde
610 2337 782 2407 compuncto

197 2415 254 2468 ets
276 2409 344 2464 iritu
364 2405 567 2474 contribulato,
587 2421 652 2462 cum
675 2404 783 2477 gemitu

198 2425 301 2548 coriis,
315 2477 515 2536 enormitatem
530 2481 712 2549 peccatorum
723 2483 784 2533 tuo-

198 2567 263 2610 rum
274 2548 443 2624 gravissime
456 2549 626 2620 ponderare,
646 2548 785 2605 confiten-

200 2625 236 2680 do
253 2625 405 2680 adversum
421 2627 448 2676 te
470 2619 611 2692 justiliam
629 2627 708 2676 tuam
722 2621 784 2677 Dn-

198 2694 288 2761 mino‚
308 2691 487 2750 amarissime
514 2691 698 2763 recogitando
716 2691 783 2764 quid

197 2764 310 2836 leceris,
326 2777 411 2837 quem
425 2761 591 2831 offenderis,
609 2762 712 2836 quidve
728 2779 785 2821 me·

197 2837 313 2896 rueris:
342 2833 472 2904 Peccavi,
489 2834 633 2906 inquiens.
653 2834 783 2905 Domine,

138 2959 141 2966 i
199 2927 233 2968 su
254 2919 553 2966 ernumerumarenae
564 2905 664 2968 maris.
677 2905 785 2964 Deinde

197 2928 286 3040 deice
304 2986 427 3052 teipsum
452 2993 549 3036 coram
571 2978 660 3036 oculis
685 2977 786 3036 aeterni

198 3051 307 3112 tunicis
322 3049 469 3108 humiliter
485 3049 684 3124 despicerent
700 3049 786 3107 vilem

199 3123 355 3193 aestimare,
370 3121 411 3180 ita
425 3127 456 3180 nl
469 3138 533 3180 cum
544 3121 701 3252 ,imbuam
717 3119 785 3179 oin·

198 3197 243 3256 los
260 3195 423 3254 immundos
438 3211 491 3253 nec
506 3211 541 3252 an
563 3211 612 3253 eas
627 3195 665 3253 ad
684 3193 786 3252 coelum

200 3270 368 3339 levare,nec
379 3265 463 3326 labiis
473 3266 587 3340 pollutis
597 3283 702 3325 nomen
716 3265 787 3323 illud

202 3339 358 3426 gloriosum
366 3341 585 3410 nominare;sed
594 3341 790 3411 nequctemet-

201 3431 211 3470 1
232 3429 295 3472 sum
306 3411 461 3482 homiuem,
474 3411 524 3468 sed
535 3409 790 3467 vermemimmun·

202 3430 273 3544 AEm
292 3481 447 3552 aestimare,
461 3488 492 3539 et
505 3496 593 3554 opera
610 3486 660 3539 tua
674 3479 789 3538 satista-

203 3551 305 3624 cloria,
325 3553 406 3627 quasi
426 3552 532 3610 nulline
559 3553 696 3613 momenti
722 3551 788 3624 sint,

203 3627 376 3696 annihilare,
391 3629 421 3682 et
434 3624 475 3682 sic
488 3622 577 3681 miser
591 3629 621 3682 et
633 3625 790 3684 miserabi-

204 3700 240 3757 Iis
254 3707 322 3757 ante
337 3697 413 3755 tores
424 3693 547 3780 gratiam
560 3696 713 3766 JudIcis,et
725 3711 790 3754 cum

202 3770 346 3900 grolundo
361 3772 471 3841 gemitu
483 3767 576 3825 cordis
587 3767 627 3826 tui
636 3773 746 3842 petere,
762 3771 792 3826 et

222 3842 300 3900 icere
320 3844 429 3898 :Pater
447 3843 497 3910 mt',
516 3843 674 3914 peccantia
697 3842 791 3898 coetum

201 3919 226 3972 ct
243 3929 335 3972 corum
348 3919 384 3984 ta,
399 3917 426 3970 et
438 3927 493 3968 non
506 3928 567 3970 sum
579 3913 682 3984 dianus
696 3913 793 3970 uocari

201 3989 277 4060 plius
292 3987 425 4053 tttttssfue
438 3986 509 4040 milti
524 3987 597 4041 sieut
611 3987 662 4042 urta·
675 4001 710 4041 eu
724 4001 793 4040 mer-

203 4060 323 4116 cenariis
334 4060 401 4114 tuis.
417 4059 518 4114 Postea
533 4055 667 4114 meritum
683 4056 794 4114 Passio-

205 4127 363 4188 uisChristi
378 4127 467 4186 debes
482 4143 547 4186 cum
560 4143 673 4188 summo
689 4129 794 4186 ellectu

209 4203 344 4258 extollere
368 4209 396 4258 et
421 4199 618 4274 magnificare,
642 4203 794 4286 engiltrude

207 4273 343 4346 quoniam
361 4271 436 4347 apud
456 4287 521 4330 eum
541 4271 737 4346 copiosissima
751 4280 796 4330 est

209 4343 389 4417 redemptin;
412 4349 442 4402 et
467 4343 545 4417 quod
567 4343 688 4404 minitna
714 4351 796 4430 gutta

210 4413 408 4490 pretiosissimi
422 4417 485 4488 ejus
502 4415 662 4488 senguInis,
681 4433 730 4491 qut
744 4432 796 4492 par

828 553 929 597 omnes
941 541 1038 614 partes
1052 538 1181 612 corporis
1194 538 1239 598 sui
1253 537 1421 600 vulneribus

828 610 930 696 repleti
951 611 1071 684 largiter
1089 611 1210 681 ellluxil,
1231 627 1283 682 pro
1298 611 1417 669 redem-

830 689 929 756 phone
942 693 970 741 et
992 682 1187 741 satisfactione
1208 681 1296 741 totius
1316 683 1421 742 mundi

831 755 1010 826 andrensem
1024 757 1075 812 sed
1091 759 1205 828 copiose
1217 754 1312 827 ipsum
1326 755 1420 813 edun·

831 827 899 884 dere
915 827 1014 898 uoluit,
1036 829 1064 884 in
1083 842 1116 884 ar
1138 831 1284 885 omentum
1302 829 1420 885 maximi

832 898 947 963 amoris,
965 902 993 955 et
1004 843 1317 970 superelinentissimae
1332 897 1422 972 pieta·

832 969 1226 1040 tatis,iusoiamenomnium
1238 970 1420 1028 miserorum.

834 1044 960 1099 Tandem
984 1042 1072 1099 debes
1091 1041 1192 1099 humili
1212 1041 1340 1116 quidem,
1369 1042 1422 1100 sed

834 1112 944 1172 fervido
965 1113 1071 1170 ellectu
1097 1129 1215 1171 manum
1243 1111 1422 1172 auxiliatoris

834 1201 975 1258 quaerore,
988 1191 1016 1244 et
1030 1184 1288 1242 misericordissimi
1302 1185 1423 1242 iisdem·

835 1256 1423 1330 ptorismerituminiinituminsubsidium

835 1328 989 1403 postulare,
1009 1327 1077 1385 nihii
1098 1329 1252 1398 haesitaus3
1271 1329 1338 1403 quia
1357 1345 1423 1400 pro-

835 1400 900 1458 nior
913 1406 956 1458 est
970 1401 1035 1458 lons
1048 1400 1096 1458 ille
1111 1400 1227 1475 pietatIs
1237 1401 1345 1475 jugiter
1358 1417 1424 1458 sca-

835 1471 945 1531 turiens
965 1473 1001 1530 ad
1017 1473 1220 1543 miserendum,
1236 1487 1321 1545 quam
1339 1477 1370 1529 tu
1385 1471 1424 1528 ad

835 1544 1002 1618 petendum.
1025 1545 1047 1602 0
1069 1545 1196 1602 Verbum
1218 1543 1376 1617 gratiosum
1393 1549 1424 1600 et

836 1615 1140 1690 pracipunmntseus
1150 1615 1345 1687 peccatoribus
1358 1631 1426 1672 cum

837 1704 950 1746 summa
979 1687 1167 1745 exsultatione
1199 1685 1425 1760 suscipiendum,

838 1775 872 1817 co
900 1758 977 1832 quod
996 1760 1026 1816 in
1046 1757 1152 1817 CbrIsti
1178 1759 1311 1816 Passione
1326 1757 1367 1815 sic
1395 1757 1427 1816 in

837 1840 973 1906 promptu
989 1829 1159 1898 Invenimus,
1174 1830 1249 1888 unde
1275 1845 1426 1902 possumus

838 1911 955 1975 peccata
970 1902 1099 1973 abluere,
1113 1917 1213 1976 poenas
1227 1902 1334 1972 delere,
1353 1917 1426 1988 gra-

838 1973 908 2032 tiam
923 1973 1063 2044 invenire,
1079 1983 1108 2031 et
1126 1973 1247 2048 gloriam
1270 1979 1425 2058 sempiter-

839 2063 905 2104 nam
932 2045 1109 2120 promereri!
1141 2045 1309 2104 MemorIam
1338 2047 1427 2120 igitur

840 2119 985 2178 Passionis
1012 2116 1117 2175 Christi
1143 2133 1257 2191 semper
1284 2118 1372 2176 debes
1395 2116 1428 2174 iu

840 2193 925 2249 corde
943 2195 992 2246 tuo
1012 2189 1129 2262 babere,
1144 2195 1173 2246 et
1187 2205 1287 2248 omnes
1300 2188 1428 2248 tribula-

840 2263 933 2320 tiones
942 2266 971 2318 et
985 2261 1173 2320 adversitates
1182 2277 1253 2335 quas
1265 2265 1374 2336 pateris
1388 2259 1427 2318 ad

840 2335 931 2409 ipsam
950 2333 1068 2404 reierre,
1091 2332 1237 2408 ipsiusque
1257 2331 1427 2406 similitudi-

841 2422 919 2476 nem,
931 2409 1071 2478 quantum
1082 2407 1217 2476 possibile
1229 2409 1281 2470 est,
1297 2407 1427 2464 iuduere.

841 2481 953 2535 Etcum
970 2493 1004 2534 ex
1020 2477 1131 2535 occulta
1146 2477 1359 2552 dispensatione
1375 2475 1427 2534 tibi

841 2547 996 2608 consolatio
1013 2550 1125 2606 iuterna
1136 2550 1325 2619 subtrahitur,
1336 2553 1365 2608 et
1378 2549 1426 2605 de-

842 2621 948 2680 solatus
963 2619 1146 2694 colloqueris,
1162 2621 1250 2679 debes
1262 2621 1354 2678 Instar
1366 2621 1429 2677 reri

842 2691 968 2750 crucifixi
984 2709 1041 2750 non
1062 2692 1177 2751 abunde
1202 2692 1429 2751 consolationem

842 2779 983 2838 querere,
1007 2765 1058 2822 sed
1081 2764 1226 2838 pallenter
1252 2769 1430 2838 exspectare,

842 2843 872 2895 et
886 2851 999 2894 sursum
1011 2836 1047 2893 ad
1063 2837 1177 2894 Patrem
1187 2836 1236 2908 qui
1249 2835 1279 2893 io
1290 2835 1370 2893 coelis
1384 2839 1431 2892 est

842 2915 1004 2981 respectum
1019 2908 1135 2974 habere,
1151 2911 1331 2982 temetipsum
1346 2907 1431 2964 dese·
1515 2949 1516 2956 ,

843 2979 944 3049 rende,
962 2985 990 3036 et
1004 2995 1117 3037 omnem
1134 2979 1288 3052 cogitatum
1306 2985 1386 3038 tuum
1402 2977 1432 3034 iu

844 3051 939 3125 ipsum
962 3051 1108 3123 jactando.
1132 3053 1226 3122 Tunc,
1250 3051 1312 3109 sine
1333 3047 1431 3118 dubio,

845 3129 951 3196 quanto
973 3121 1059 3180 luerit
1071 3123 1164 3196 major
1175 3122 1302 3181 hominis
1314 3120 1433 3180 interin-

845 3197 886 3252 ris
899 3209 1043 3278 pressura,
1059 3199 1088 3252 et
1104 3197 1228 3252 desertio
1243 3193 1370 3254 homiuis
1385 3191 1431 3250 in-

845 3265 961 3324 terioris
989 3281 1054 3323 cum
1077 3267 1225 3324 voluntate
1250 3269 1308 3324 Deo
1333 3264 1432 3336 unita3

846 3342 927 3396 taum
942 3336 1063 3395 similior
1077 3337 1228 3410 Cruciliao,
1236 3344 1266 3397 et
1280 3335 1434 3396 amabilior

847 3407 925 3468 Patri
948 3409 1124 3482 peramando
1145 3409 1213 3480 eris,
1241 3409 1309 3484 quia
1333 3423 1435 3466 revera

848 3483 902 3540 hoc
929 3489 972 3538 est
996 3487 1137 3610 punctum
1166 3479 1359 3552 adversitatis,
1381 3493 1435 3562 per

888 3552 925 3610 od
954 3551 994 3610 mi
1006 3553 1060 3612 ites
1085 3553 1280 3626 probatissimi
1310 3569 1341 3612 m
1372 3567 1435 3608 acte

871 3623 954 3682 bristi
970 3623 1116 3684 constituti
1131 3625 1309 3683 sirintissime
1324 3621 1434 3683 erami-

848 3703 965 3755 nantur.
986 3699 1067 3766 Item,
1096 3696 1194 3754 omnia
1217 3695 1378 3755 infortunia
1405 3701 1435 3752 et

849 3774 951 3827 cuncta
969 3767 1121 3827 tristabilia
1139 3770 1299 3828 clementie
1318 3767 1368 3826 Dei
1385 3765 1436 3824 de-

849 3842 901 3900 bes
924 3839 1114 3911 committere,
1136 3845 1166 3898 et
1188 3844 1230 3898 sic
1252 3845 1278 3900 le
1298 3839 1386 3898 libere
1405 3837 1437 3894 iu

849 3911 927 3972 omni
948 3912 1023 3970 Iacto
1049 3921 1158 3982 tenere,
1183 3913 1264 3985 quasi
1284 3913 1370 3970 bomo
1386 3908 1436 3982 qui

850 3985 880 4043 in
899 3985 1047 4058 procInctu
1070 3984 1244 4059 migraturus
1265 3991 1309 4044 est
1328 3984 1363 4041 de
1381 3983 1439 4039 hon

851 4057 969 4114 mundo.
984 4055 1136 4129 uetuginm
1147 4073 1259 4130 quoquc
1270 4059 1439 4115 continuum

851 4129 880 4187 in
894 4127 1011 4187 vnlnere
1026 4127 1123 4186 lateris
1135 4131 1205 4188 Iesu
1224 4127 1328 4188 Christi
1351 4127 1439 4184 debes

852 4217 994 4274 quaerere,
1010 4205 1157 4274 tamquam
1173 4203 1304 4260 columba
1318 4199 1348 4256 in
1365 4199 1438 4256 lora·

853 4271 981 4330 mihibus
995 4271 1210 4356 petrae,quiain
1224 4273 1350 4330 hocloco
1365 4284 1441 4328 sem·

851 4361 903 4420 per
917 4345 1048 4403 iuvenies
1062 4343 1288 4418 copiosissimam
1306 4347 1441 4418 peccato·

852 4432 916 4476 rum
938 4415 1149 4490 remissionem,
1166 4415 1323 4491 gratiarum
1346 4411 1438 4490 pleni-
