2974 5040
158 354 201 407 tta
507 349 663 404 statillus
691 347 813 404 ituris
841 347 945 402 eleut
974 349 1040 402 htx

155 457 231 516 Dedo
252 475 261 511 r
280 475 295 508 a
311 456 421 526 llsgrm
438 451 553 526 quidem
568 454 675 528 loseph
689 455 742 512 iste
797 455 914 524 portans
938 465 1037 510 secum
1064 451 1270 526 instromenta,
1291 457 1392 528 quibu

155 525 302 601 dignitatis
316 526 391 600 apud
407 527 545 594 seculum,
558 527 609 584 sed
626 525 742 598 maJ'oris
797 522 883 580 clavis
895 523 1011 594 evulsis,
1027 540 1131 598 corpus
1146 525 1182 582 de
1197 542 1288 584 cruca
1302 529 1393 600 depo-

156 600 231 674 apud
248 602 335 656 Deum
351 597 443 656 meriti
456 597 544 654 iuisse
556 597 698 667 laudatur,
710 601 742 655 ut
797 600 856 663 nat,
867 601 895 652 et
909 596 1001 668 ipsam
1013 595 1166 655 sindonem
1180 613 1240 670 qiua
1252 597 1393 659 involvat.

157 678 184 730 et
192 687 244 744 per
248 670 386 743 justitiam
394 668 741 742 meritorumsepeliendo
797 668 853 724 lste
869 682 982 738 pannus
997 671 1121 726 mundus
1134 677 1165 726 et
1180 671 1342 738 candidus,
1356 673 1393 729 in

157 759 275 814 corpore
288 741 434 799 Dominico
445 740 547 812 dignus
562 742 644 809 torel,
654 747 682 797 et
691 757 743 812 per
796 738 959 795 nocentiam
975 740 1099 810 Domini,
1115 751 1144 799 et
1156 741 1287 798 liliosam
1304 743 1390 814 sigui·

157 813 335 871 nobilitatem
351 811 486 884 potentiae
503 812 651 881 secularis,
666 812 742 868 idem
797 809 900 866 licebat
914 810 1085 880 castitatem,
1103 818 1133 868 ut
1152 812 1201 884 qui
1225 813 1391 872 rubricatus

157 900 261 957 corpus
270 884 398 955 accipere
406 889 517 956 posset;
530 901 587 940 non
598 883 672 940 enim
683 883 743 956 qui·
796 881 888 963 luerat
900 883 1037 964 sanguiue
1052 883 1209 953 Passionis,
1222 886 1392 944 candidare

157 956 227 1013 libet
241 957 363 1027 ignotus,
377 954 583 1012 autmediocris
592 955 628 1012 ad
638 953 742 1012 Praesi·
796 957 844 1009 lur
853 953 972 1010 sindone
983 955 1230 1012 innocentissima
1239 959 1391 1016 castitatis.

157 1027 221 1084 dem
233 1027 378 1096 accedere,
389 1026 550 1084 eteruciiivi
563 1042 665 1098 corpus
677 1034 740 1100 pat·
798 1023 912 1097 Legitur
930 1023 1007 1082 enim
1033 1025 1063 1082 iu
1083 1027 1210 1084 Canticis
1233 1050 1241 1084 :
1268 1032 1392 1086 Dilectus

156 1096 388 1171 eratimpetrare.
401 1122 410 1147 ·
424 1098 501 1156 Unde
513 1103 541 1156 et
553 1099 740 1168 Augustinus:
796 1111 871 1151 maa
885 1097 1022 1153 candidas
1035 1103 1061 1154 et
1071 1099 1299 1158 mbicaadus..,.
1314 1105 1392 1158 vesti

158 1190 172 1223 a
189 1171 292 1240 loseph
309 1169 414 1227 fidncia
426 1169 654 1254 dignitatis-<pua
662 1187 741 1298 (prm-
797 1173 888 1249 autera
912 1183 977 1250 cum
998 1184 1032 1225 eo
1054 1174 1080 1226 et
1098 1171 1283 1242 Nicodamus,
1302 1189 1337 1230 se
1357 1173 1392 1230 illi

158 1241 233 1298 ditus
246 1246 308 1298 erat
321 1241 499 1299 familiariter
508 1247 662 1299 miracuta
697 1244 741 1298 Pr·
796 1254 993 1308 associans,1n
1009 1256 1065 1313 quo
1083 1242 1166 1298 dolus
1185 1248 1394 1316 honeratam·

157 1313 256 1382 latum,
274 1315 329 1383 jam
350 1311 445 1370 minus
458 1329 560 1370 curans
575 1313 610 1370 de
624 1311 740 1382 ludaeis,
797 1308 875 1382 prius
892 1309 1008 1394 timidus
1021 1319 1133 1369 oenaat
1152 1314 1190 1369 ad
1203 1317 1308 1372 Iesum
1322 1324 1394 1372 noar

178 1383 288 1442 namvis
306 1390 391 1442 antea
405 1384 435 1441 in
456 1384 598 1442 audiendo
621 1384 741 1442 Domino
794 1385 926 1453 primam,
943 1382 1050 1440 scilicet
1069 1389 1135 1441 ante
1150 1385 1342 1456 Passionem,
1359 1391 1394 1456 te

156 1400 297 1514 {devitaret
317 1455 482 1514 inimicitias
500 1472 609 1513 eorum.
630 1477 645 1508 a
663 1457 742 1512 Unde
796 1469 858 1508 reas
870 1469 960 1509 seeum
971 1458 1124 1512 mixturam
1133 1459 1256 1527 myrrhas
1267 1463 1299 1514 et
1309 1462 1393 1528 atae,

157 1531 243 1586 etiam
255 1529 401 1598 &aperias
413 1531 628 1588 Nazianzenus:
645 1549 659 1580 «
675 1529 742 1584 Fue·
798 1527 879 1595 quasi
894 1525 983 1582 libras
997 1531 1114 1595 centum,
1130 1531 1165 1584 ad
1181 1527 1280 1597 ipsum
1298 1531 1393 1587 condi

156 1605 202 1656 rat
215 1600 388 1671 quandoque
401 1601 507 1670 loseph
522 1600 650 1655 occultus
665 1597 743 1655 Chri·
798 1595 913 1653 endum.
929 1599 994 1654 llaeo
1013 1598 1091 1655 enim
1110 1607 1254 1662 aromata.
1273 1605 1394 1674 myrrha

157 1670 192 1726 sti
200 1670 502 1742 discipulus3denique
512 1669 623 1725 vincula
631 1668 742 1727 timoris
798 1667 905 1724 scilicet
917 1674 946 1724 el
960 1669 1049 1738 aloes,
1065 1687 1118 1727 sua
1132 1672 1334 1730 amaritudine
1349 1690 1393 1730 ar·

156 1757 303 1810 rumpens,
317 1739 471 1798 ferventior
490 1740 591 1806 iactus,
611 1739 742 1797 Domini·
799 1743 1182 1814 centvcrmesacorporibus
1194 1749 1391 1814 mortuorum,

157 1827 222 1868 cum
237 1827 340 1882 corpus
354 1809 476 1884 turpiter
490 1810 619 1885 pendens
633 1828 651 1869 a
664 1811 742 1886 ligno
797 1814 827 1868 et
839 1827 924 1883 quam
936 1811 1089 1884 plurimum
1100 1829 1133 1870 ea
1144 1823 1333 1882 conservant,
1344 1833 1393 1873 uec

157 1882 299 1956 deposuit,
317 1898 485 1956 comparans
501 1882 654 1954 pretiosam
671 1901 743 1942 mar·
799 1881 854 1939 cito
879 1898 962 1940 corru
985 1882 1055 1941 tioni
1082 1883 1182 1957 subjici
1207 1889 1393 1958 permittunt

176 1955 278 2014 aritam
289 1955 441 2014 verborum
453 1955 602 2012 modestia.
616 1978 631 2008 n
643 1955 741 2016 Consi·
798 1955 865 2024 lste,
879 1959 945 2011 ante
961 1899 1128 2013 Passionem
1142 1957 1259 2026 Christi,
1275 1961 1353 2017 sicut
1368 1967 1394 2016 et

157 1973 228 2086 ⁶dere
243 2045 320 2086 nnuc
334 2025 529 2086 tortitudinem
543 2030 649 2102 loseph
660 2046 666 2084 :
676 2029 743 2101 quia
797 2027 914 2099 loseph,
927 2031 989 2083 erat
1001 2027 1157 2101 discipulus
1170 2029 1285 2086 Domini
1299 2031 1393 2088 occul-

157 2101 741 2174 nonsolumaudetcorpusChristipetere,
798 2102 854 2167 tus,
868 2098 918 2154 sed
936 2105 1001 2170 post
1016 2099 1179 2156 Passionem
1197 2101 1393 2159 manifestavit

159 2173 209 2230 sed
224 2172 310 2230 etiam
326 2171 457 2245 sepelire,
477 2171 551 2230 sicut
565 2173 650 2230 bomo
665 2176 743 2244 pote·
799 2168 921 2238 se‚sicut
932 2175 961 2226 et
974 2169 1032 2238 ille,
1045 2180 1073 2228 et
1086 2172 1176 2228 iactus
1191 2179 1235 2229 est
1246 2175 1391 2246 publicas,

158 2249 260 2302 statem
276 2245 396 2312 habens,
432 2243 476 2302 lus
490 2261 523 2301 ex
538 2245 642 2301 virtute
656 2259 744 2316 quam
799 2241 848 2297 sed
865 2240 992 2297 nondum
1009 2243 1118 2300 habeus
1137 2259 1234 2301 veram
1252 2245 1346 2303 iidem
1359 2247 1393 2303 de

160 2331 193 2372 ex
207 2314 395 2387 adjutoribus.
412 2259 493 2372 finde
513 2315 742 2396 Chrpsostomas:
800 2313 1028 2396 Resurrectione.
1046 2313 1112 2387 quia
1129 2315 1225 2372 attulit
1242 2319 1391 2389 myrrham

158 2405 173 2438 a
189 2389 295 2458 lusplce
317 2392 413 2442 autem
428 2385 513 2456 buius
531 2401 584 2440 vrri
600 2385 743 2444 tortitudi·
800 2389 828 2441 et
842 2383 916 2454 aloe,
931 2399 1010 2457 quasi
1026 2401 1129 2458 corpus
1143 2387 1204 2458 ejus
1221 2389 1334 2445 muniri
1349 2389 1391 2446 in·

159 2472 224 2512 uem
242 2473 249 2512 :
267 2455 298 2512 in
318 2461 418 2512 mortis
437 2457 512 2511 enim
537 2454 692 2526 periculum
713 2473 744 2515 se
800 2455 942 2528 digereta
961 2457 1121 2529 putredine.
1136 2459 1170 2514 Et
1183 2459 1258 2528 ideo,
1275 2459 1347 2517 licet
1362 2477 1391 2517 cs

159 2526 287 2594 tradidit,
300 2525 479 2582 inimicitiam
493 2526 529 2582 ad
547 2541 648 2583 omnes
660 2543 744 2585 assu-
800 2525 951 2584 devotione
974 2527 1058 2586 istam
1082 2529 1249 2588 unctionem
1271 2532 1391 2601 iaceret,

158 2613 248 2668 mens,
292 2601 388 2668 ropter
411 2597 637 2655 benevolentiam
660 2597 743 2656 Chri·
800 2598 911 2656 videtur
924 2605 1019 2656 tamen
1034 2601 1109 2674 quod
1123 2601 1236 2674 plenam
1256 2603 1389 2660 notitiam

157 2666 203 2724 sti.
221 2688 235 2719 a
284 2667 340 2724 nde
356 2672 386 2725 et
408 2669 597 2740 Theophilus:
614 2691 630 2722 a
653 2671 744 2728 Audet
800 2671 834 2726 de
844 2672 1061 2730 Resurrectioue
1071 2671 1175 2730 Christi
1187 2689 1244 2730 non
1255 2674 1389 2742 haberet,

159 2755 259 2798 ausum
273 2737 456 2810 laudabilem,
470 2755 528 2798 non
542 2739 618 2799 enim
632 2759 698 2800 eico
721 2745 743 2800 i·
800 2740 866 2814 quia
880 2743 916 2799 de
931 2759 964 2800 eo
980 2744 1116 2816 scriptum
1131 2751 1194 2802 erat
1208 2761 1216 2801 :
1229 2747 1295 2805 Noa
1308 2747 1389 2802 dabis

158 2811 227 2870 tavit
241 2829 248 2870 :
263 2829 280 2870 a
294 2810 401 2870 divitiis
420 2810 561 2884 decidam,
577 2818 606 2872 et
620 2759 744 2888 expelfiir
798 2814 931 2871 Sanctam
958 2820 1035 2872 tuam
1061 2817 1155 2873 uidere
1173 2821 1389 2891 comaptioneia,

157 2901 175 2942 a
187 2887 202 2942 l
206 2883 303 2944 odaia.
315 2883 339 2942 si
350 2901 452 2959 corpus
463 2891 557 2957 petam
567 2887 628 2960 ejus
641 2887 689 2960 qui
699 2891 743 2944 est
798 2887 1005 2958 propterquod
1020 2903 1076 2944 nou
1090 2885 1239 2962 indigebat
1253 2889 1389 2946 unctione

157 2955 341 3028 blasphemiis
367 2959 572 3016 condemnatus
602 2974 609 3014 ι
639 2977 654 3012 s
681 2959 743 3016 haeo
798 2963 984 3014 conservante
1011 2963 1111 3016 contra
1137 2960 1387 3032 putrefactionem.

160 3029 334 3100 Theophilus.
351 3028 403 3097 Qui
418 3045 486 3102 ergo
500 3028 579 3102 prius
593 3045 626 3087 ex
637 3029 742 3102 imper·
798 3027 877 3084 Unde
886 3027 927 3086 ait
937 3031 1187 3100 chrysostomum«
1198 3032 1300 3090 hdhuc
1311 3032 1389 3090 enim

157 3099 653 3168 tectionemeticulosus,etoacullus
663 3100 743 3160 disci·
797 3105 828 3155 ut
846 3099 882 3156 de
897 3100 973 3157 nudo
989 3101 1104 3159 homine
1119 3101 1324 3176 disponebant,
1339 3105 1388 3162 sad

176 3174 239 3232 ulus
256 3171 365 3231 Domini
386 3173 490 3243 iuerat,
504 3179 622 3248 propter
636 3179 743 3231 melum
798 3174 894 3230 umen
918 3171 1037 3230 multam
1058 3173 1240 3232 dilectionem
1263 3176 1388 3234 damon-

156 3188 336 3316 iudaeorum,
365 3242 459 3303 vitans
483 3251 551 3302 tuuc
580 3244 744 3302 iuimicitias
798 3243 937 3300 strabam.
954 3265 968 3295 »
985 3246 1025 3302 Da
1039 3244 1095 3302 isto
1110 3245 1264 3305 Nicodemo
1281 3245 1387 3322 legitur

156 3333 266 3388 eorum,
282 3332 357 3375 nunc
371 3316 500 3388 exemplo
521 3315 622 3374 mortis
636 3315 742 3374 Christi
767 3356 769 3507 Ι
798 3312 827 3372 in
841 3313 1015 3372 revelatione
1028 3320 1156 3390 corporis
1170 3319 1245 3375 beati
1261 3319 1388 3391 Stepha-

156 3389 309 3456 animatus,
318 3403 351 3444 ac
363 3385 467 3443 virtute
479 3390 509 3442 et
521 3385 620 3460 vigore
631 3393 740 3455 auctus,

154 3459 319 3518 manifestat
331 3473 379 3524 se;
395 3472 429 3514 aa
444 3455 537 3528 palam
548 3462 576 3514 et
586 3457 660 3514 iacto
671 3459 742 3516 late·
797 3463 971 3531 terpretatur
989 3475 1152 3528 accrescens,
1170 3461 1388 3534 significabatur

154 3535 211 3600 tur,
223 3535 252 3588 et
261 3527 387 3586 ostendit
399 3543 430 3586 se
443 3526 548 3584 Christi
558 3527 741 3602 discipulum,
767 3524 769 3565 ¹
796 3544 921 3602 persona
943 3546 1074 3588 crescens
1092 3530 1122 3588 iu
1143 3533 1387 3606 virtutibusque

178 3599 537 3674 etendoejussepulturam
551 3607 579 3657 et
591 3616 743 3673 exsequen-
767 3621 769 3672 2
797 3616 901 3673 corpus
916 3601 1030 3658 Domini
1049 3603 1185 3676 postulat,
1199 3605 1317 3677 quando
1336 3621 1386 3678 pro

153 3617 201 3741 Xe,
217 3671 312 3730 minus
328 3687 430 3730 curans
445 3671 480 3730 dc
494 3669 564 3743 illis,
575 3671 605 3730 in
620 3673 676 3730 hoc
691 3689 742 3731 ex·
766 3687 768 3727 l
797 3671 884 3746 digna
907 3673 1069 3746 receptione
1090 3675 1276 3734 Eucharistiae
1299 3679 1387 3735 Deum

156 3743 365 3804 tremooiiicio.
766 3744 769 3814 l
797 3743 1307 3816 suppliciterorat.Perllicodemum
1322 3763 1386 3805 vero

193 3817 383 3874 aNrconeuou
398 3833 449 3874 sier
463 3833 579 3874 couraau
598 3833 740 3876 auvuacrr.
766 3823 768 3861 t
817 3819 927 3886 maim,
951 3815 1128 3888 significatur
1151 3818 1254 3876 doctor
1282 3821 1385 3887 bonus,

155 3919 190 3929 -
208 3889 347 3947 Concessa
362 3897 459 3946 autam
473 3886 525 3946 sibi
547 3905 675 3963 corpore,
691 3905 740 3946 vo·
766 3872 768 3947 l
796 3831 1068 3970 ferenstmiutaram,
1082 3888 1164 3948 idest
1178 3889 1339 3973 doctrinam
1354 3907 1385 3948 ex

156 3959 741 4034 cavitadsequcnrdamvirumsapientem
766 3959 768 4037 l
796 3960 1282 4035 auctorrtaabussacraescupturae
1292 3963 1385 4021 conie-
1441 4027 1446 4040 ,

155 4037 184 4090 et
204 4029 421 4105 legisperitum,
442 4030 613 4102 discipulum
635 4033 740 4090 Christi
766 4052 768 4075 r
797 4035 880 4100 ctam,
903 4030 940 4088 ad
965 4031 1130 4104 ungendum
1151 4049 1256 4107 corpus
1280 4034 1383 4092 Christi

153 4101 740 4172 similileroccultum,Nicodemumnomi·
766 4093 768 4161 l
797 4103 1384 4185 mysticum,adejussalutem.lnsindone

155 4192 202 4235 ne.
216 4176 317 4248 loseph
330 4179 421 4230 autem
434 4177 571 4230 marcatas
587 4175 739 4242 aindoma,
766 4196 767 4209 ¹
797 4177 883 4230 eham
907 4175 1025 4245 munda,
1042 4181 1196 4250 paupertas
1220 4183 1249 4234 et
1270 4177 1385 4236 assutas

156 4247 185 4308 id
199 4253 243 4308 est
257 4261 385 4323 pannum
399 4243 518 4315 lineum,
529 4245 699 4304 candentem
713 4251 742 4304 et
765 4237 768 4317 l
795 4249 947 4318 natantum
962 4249 991 4304 et
1002 4245 1033 4303 in
1046 4247 1236 4322 aromatibus,
1248 4248 1385 4308 virtutum

154 4315 740 4388 mundum,veuitadcruciiirionislocum,
765 4327 767 4348 ³
795 4315 917 4374 varietas
936 4317 1112 4391 designatur.
1129 4318 1206 4377 salix
1226 4319 1294 4378 talis
1312 4335 1384 4378 con·

798 3385 838 3456 ni,
848 3391 1076 3460 protomartyris.
1092 3391 1146 3447 Per
1155 3391 1273 3463 Joseph,
1285 3389 1335 3463 qui
1346 3391 1388 3448 in·
