3104 5034
180 403 227 453 luo

182 501 765 584 volontatepuppleaturinacerbitatelte·
795 504 798 539 ¹

183 593 260 635 cesse
271 578 431 640 astantem,
447 580 478 631 ut
491 581 531 630 ait
546 575 620 631 idem
632 576 765 644 ilupusti-

181 665 243 712 nus,
255 647 450 719 quodtantum
460 649 523 701 iirat
532 645 765 719 dolor,quentum

181 719 335 778 inhaeserat
347 733 438 774 arnor.
449 719 538 773 'lanto
548 715 625 774 enim
636 717 766 790 quisquis

181 797 331 864 torquetur
358 787 475 854 diutius,
508 793 615 859 quarto
647 789 766 846 allectus

183 864 244 935 ejus
274 859 436 918 venialibus
461 859 622 916 inhaerebat
640 859 764 929 lortios;

183 930 391 1002 unde,'tamdiii
408 929 538 988 dillertur
557 931 650 1002 quise
663 931 765 1000 plania,

184 1019 332 1077 quousque
347 1002 396 1058 lict
410 1000 472 1057 sine
485 1001 561 1057 omni
577 1002 699 1072 mai-ula,
710 1001 765 1060 sic·

183 1082 215 1134 ut
234 1079 296 1131 erat
310 1073 340 1130 in
356 1072 509 1142 Baptismo.
524 1072 586 1130 Noli
603 1089 672 1145 ergo
691 1090 764 1130 con-

182 1153 311 1202 temnere
337 1143 469 1210 renialia,
492 1159 544 1214 pro
566 1143 668 1214 quibus
686 1148 766 1202 tante
792 1138 795 1241 Ι

183 1233 268 1290 poena
285 1220 327 1272 cst
342 1214 540 1284 exspectanda.
555 1216 610 1272 Cur
624 1220 720 1272 autern
735 1232 766 1272 a·

183 1287 261 1344 nimi
274 1287 445 1414 incorporea
463 1285 659 1354 corporalibus
673 1286 766 1358 poenis
793 1257 796 1340 X

183 1363 325 1427 teneatur,
367 1356 472 1413 erlarat
490 1355 566 1413 ideni
580 1358 765 1429 triportinus,
794 1400 797 1430 ,

183 1430 279 1486 dicens
295 1447 301 1486 :
319 1449 333 1482 n
346 1425 465 1498 Aoimae,
476 1444 540 1498 qnae
555 1427 585 1484 in
600 1429 767 1501 corporibus
794 1440 798 1517 ξ

185 1501 322 1570 niventes,
337 1515 389 1572 per
407 1499 588 1557 strictionem
607 1516 704 1556 rernm
724 1500 765 1556 ri-

184 1571 310 1628 sibilium
324 1570 520 1644 corporalibus
539 1571 712 1644 imaginibus
727 1572 766 1630 at·

183 1644 330 1712 liniuntur,
346 1659 363 1700 a
386 1643 552 1714 corporibus
574 1648 720 1704 eicnmes.
735 1643 766 1700 in

183 1716 291 1772 eisdein
308 1712 479 1784 imaginibus
493 1718 637 1770 tormenta
653 1713 765 1786 patiun-
795 1755 798 1808 ἦ

182 1793 238 1842 tor.
250 1783 767 1857 Proptereaenimcorporilibuspas·
795 1815 798 1839 i

183 1855 311 1913 sionibus
338 1853 377 1912 ibi
405 1853 495 1910 tenori
514 1861 643 1924 possunt,
664 1857 767 1927 quiae
795 1857 798 1931 l

184 1926 367 1998 corruptione
382 1925 572 1998 corporalium
583 1927 767 1985 allectionum

184 1999 229 2054 hic
243 1998 387 2054 mundate
399 2012 457 2053 non
470 1997 600 2064 luerunt;
611 2014 697 2070 quam
709 2016 770 2056 cor·
796 2038 798 2049 .

186 2070 342 2138 polentiam
365 2068 401 2126 de
427 2069 553 2140 corporis
578 2070 769 2128 delectatione

186 2144 343 2198 innuerunt.
366 2159 380 2195 o
400 2142 434 2196 Et
455 2141 580 2198 iterum:
599 2163 614 2195 n
638 2141 667 2199 Si
691 2141 769 2199 enirn

187 2217 283 2270 anima
296 2229 313 2270 a
327 2210 510 2284 corruptione
524 2214 715 2282 corporalium
726 2213 768 2271 ai-

187 2284 340 2341 lectionum
354 2282 400 2339 liic
415 2299 473 2340 non
489 2285 655 2354 inundetur,
671 2301 770 2368 corpo·
802 2315 805 2351 p

188 2371 219 2410 re
228 2361 312 2412 eruta
326 2355 521 2426 corporalibus
534 2359 648 2413 tenetur
659 2371 769 2428 passio·
802 2370 804 2428 q

189 2425 281 2482 nibus.
300 2425 416 2482 studeat
431 2441 498 2494 ergo
511 2425 540 2482 in
556 2429 608 2483 bac
620 2425 678 2483 rita
691 2444 721 2484 sc
734 2428 770 2486 ab
801 2434 804 2525 t

187 2496 351 2568 hujusmodi
385 2495 522 2553 etulantia
534 2498 682 2568 mundare,
698 2515 771 2569 qoa-
802 2543 803 2552 ,

189 2572 271 2623 tenus
284 2582 348 2623 cuin
363 2512 430 2621 Xinc
449 2565 559 2636 exierit,
575 2567 646 2624 nibil
668 2585 769 2641 corpo·
801 2569 803 2645 l

188 2651 271 2694 reum
296 2651 392 2693 secum
417 2637 523 2716 trahat,
551 2645 580 2693 et
600 2655 618 2695 a
642 2638 771 2711 corporis
801 2650 803 2727 q

189 2707 318 2781 pasione
331 2707 466 2763 immunis
479 2707 580 2765 existat
593 2727 599 2764 z
615 2728 629 2762 i
643 2709 705 2766 haec
714 2711 772 2767 Au·

187 2781 327 2848 piissimo.
339 2809 374 2820 —
384 2777 591 2850 Sullragiorum
601 2789 696 2838 autern
706 2787 772 2839 sunt

188 2855 311 2924 quatuor
341 2849 418 2907 modi
447 2851 605 2922 generales,
633 2853 668 2910 ad
700 2870 793 2926 quos.

188 2938 289 2979 ornnes
304 2922 351 2980 alii
367 2923 553 2992 reducuntur,
565 2924 693 2983 scilicet:
710 2941 772 2982 ora-

190 2995 239 3061 lia,
253 2993 403 3066 ieiunium,
422 2993 603 3069 eleemosyna
622 3004 650 3053 et
669 2998 770 3054 Sacra-

189 3073 316 3121 incotuni
331 3065 439 3122 altaris.
461 3067 526 3122 llaec
548 3067 683 3139 suffragia
707 3085 772 3140 pro·
800 3062 803 3135 l

190 3143 255 3192 sunt
274 3135 424 3206 detunctis,
446 3137 602 3195 secuudum
630 3139 720 3211 magis
743 3145 771 3196 et
800 3146 803 3181 1

190 3206 293 3289 minus²
308 3222 360 3279 pro
376 3206 539 3266 diversitate
554 3209 720 3267 meritorum
740 3211 771 3267 in
800 3202 802 3254 ἶ

190 3285 327 3347 mortois;
347 3279 390 3335 ret
413 3294 465 3351 pro
488 3280 607 3337 caritate
630 3281 769 3351 virorum,

189 3349 770 3424 qnimagissollicitanturpromortuisali·

189 3423 293 3492 quibus
308 3436 393 3492 quain
409 3437 459 3490 pro
473 3421 548 3478 aliis.
562 3422 613 3479 Illa
623 3425 700 3479 enim
715 3423 771 3480 sul·

188 3491 289 3561 tracia,
309 3508 374 3565 qiiae
388 3491 550 3564 specialiter
569 3500 634 3550 sunt
648 3511 700 3566 pro
716 3494 769 3551 ali-

188 3563 301 3632 quibus,
317 3565 380 3636 plus
399 3564 494 3620 natent
513 3563 570 3620 illis
589 3579 674 3635 quam
694 3565 769 3636 aliis,

187 3633 253 3690 licet
265 3635 351 3692 ctiam
364 3634 425 3693 aliis
439 3633 535 3707 aliquo
550 3635 634 3692 modo
646 3652 770 3693 ponimu-
799 3641 802 3729 ξ

187 3705 325 3762 niccntur.
341 3707 482 3780 Suffragia
494 3723 561 3764 reso
572 3723 634 3790 qum
647 3723 771 3765 comnin-

187 3774 262 3856 niter
287 3777 362 3834 liunt
386 3795 438 3850 pro
462 3778 614 3848 dnlunctis,
641 3781 770 3851 quamvis
799 3735 802 3844 X

187 3847 317 3903 omnibus
342 3864 394 3920 pro
422 3851 538 3908 modulo
563 3868 614 3908 sno
637 3851 769 3923 prosint;
799 3868 802 3921 q

187 3916 244 3999 illis
258 3921 354 4000 tamen
374 3920 509 3991 amplius,
525 3924 572 3993 qui
592 3922 659 3979 duin
676 3928 772 3980 essent

188 4004 218 4045 in
233 3993 308 4046 statu
320 4005 384 4060 viae,
401 3990 490 4061 magis
502 3999 704 4052 merueruntut
717 3994 770 4052 sibi

188 4060 365 4132 prodessent.
388 4061 467 4117 Unde
487 4063 635 4132 drepori'us
658 4083 696 4122 :n
712 4065 770 4122 Illis

188 4147 277 4188 sarrae
291 4130 414 4189 vietimae
435 4133 555 4190 mortuis
577 4141 706 4207 prosunt,
721 4137 769 4208 qui
799 4137 801 4189 i

189 4203 234 4260 hic
247 4203 367 4261 vivendo
380 4201 563 4260 obtinuerunt
575 4211 607 4262 ut
621 4223 670 4263 eas
683 4207 769 4264 etiarn

188 4281 252 4346 post
268 4284 387 4333 niortrm
401 4276 476 4332 bona
491 4275 636 4348 adjurent,
649 4279 768 4348 qualite
798 4305 800 4343 ;

189 4361 240 4418 pro
257 4347 326 4420 ipsis
337 4349 374 4407 ab
387 4345 451 4405 aliis
463 4345 545 4406 liunt.
562 4349 639 4405 inter
652 4349 706 4405 hoc
718 4365 767 4406 an·
798 4372 800 4400 i

799 3623 802 3640 ,
825 3584 900 3638 rum,
917 3573 1032 3640 propter
1050 3569 1126 3642 qnod
1141 3573 1170 3626 et
1181 3569 1258 3628 silius

485 394 641 450 SECUXDAE
669 397 790 452 rantis
818 397 922 451 cirus
951 397 1103 451 LXXXVII

822 507 880 560 teni
894 503 1075 576 pensandum
1088 509 1143 572 est,
1163 499 1257 574 quod
1280 498 1373 556 tutior
1395 497 1435 554 ria

822 577 869 644 sit,
890 582 920 632 ut
949 576 1057 632 honuni
1086 575 1169 646 quod
1208 571 1344 645 quisque
1375 575 1436 650 post

822 652 944 703 mortem
969 661 1052 702 suani
1067 653 1171 718 sperat
1187 643 1244 716 agi
1275 659 1330 715 per
1356 642 1436 720 alios,

822 723 889 790 agat
905 717 972 775 dum
991 717 1052 790 ipse
1072 716 1141 772 vivit
1164 731 1230 788 per
1262 715 1437 772 scheelius

822 791 927 861 quippe
946 793 989 846 est
1006 788 1126 845 liberum
1140 786 1250 854 exire,
1268 801 1362 858 quam
1377 787 1437 854 post

821 859 935 917 vincula
965 860 1127 917 libertatem
1157 873 1327 930 quaerere.
1361 857 1435 912 Tunc

822 947 889 1002 ergo
903 947 969 988 rore
982 947 1035 1004 pro
1050 930 1133 988 nobis
1148 933 1221 987 Deo
1237 927 1343 1010 hostia
1360 941 1434 982 accc·

821 1007 871 1076 pta
884 1001 949 1070 erit,
965 1017 1029 1060 cum
1048 1000 1185 1072 nosipsos
1205 1002 1350 1080 hostiam
1365 997 1435 1054 lece·

822 1075 922 1130 rimus.
937 1075 971 1130 Et
986 1073 1108 1130 tidenter
1120 1073 1205 1141 dico,
1225 1084 1377 1144 quoniam
1393 1068 1435 1148 ho·

823 1145 878 1202 stia
894 1143 1023 1214 salutari,
1037 1149 1101 1218 post
1118 1149 1270 1212 mortem,
1281 1157 1344 1198 nou
1366 1139 1434 1220 indi-

822 1215 964 1299 gebimus,
978 1215 1000 1271 si
1016 1221 1083 1272 ante
1098 1220 1234 1272 mortem
1264 1216 1331 1271 Deo
1347 1211 1433 1267 hostia

822 1287 877 1360 ipsi
894 1287 1032 1344 fuerimus
1049 1305 1056 1342 :
1074 1306 1087 1339 n
1103 1286 1166 1343 haea
1189 1286 1372 1355 Greporius.
1387 1283 1431 1362 ln-

823 1374 920 1430 super,
934 1375 970 1415 nc
982 1357 1099 1430 aliquod
1111 1359 1231 1416 bonurn
1254 1358 1374 1428 pereat,
1388 1351 1432 1408 illa

823 1431 899 1487 bona
922 1447 987 1502 quae
1011 1429 1075 1502 quis
1098 1429 1259 1499 peccando
1285 1429 1430 1498 operatur,

825 1498 1252 1570 mortificata,aliissilrandis
1265 1499 1429 1560 debueram
1521 1503 1522 1506 ’

824 1573 896 1630 sicut
922 1573 1035 1644 quando
1059 1570 1206 1643 corporali
1238 1573 1348 1650 morte,
1392 1580 1431 1619 nis

825 1643 955 1714 moritur,
976 1644 1077 1701 iratres
1101 1647 1130 1699 et
1144 1641 1317 1716 propinqui
1337 1655 1367 1695 in
1401 1653 1426 1692 o·

825 1713 871 1772 nis
885 1715 948 1786 ejus
966 1715 1132 1772 succedunt.

860 1791 876 1842 5
892 1787 1066 1842 Anricnnisri
1085 1801 1271 1854 ressscnrio,
1288 1795 1426 1840 novemus

826 1859 937 1914 Heroon
951 1875 983 1914 iar
996 1859 1068 1914 Enim
1080 1861 1300 1920 tonsoriouoos
1314 1868 1424 1911 conven-
1521 1858 1522 1872 ¹

825 1947 878 1986 sio.
909 1958 945 1971 -
971 1928 1164 1986 Antichristus
1198 1944 1276 1986 nero
1306 1929 1424 1998 quatuor
1521 1979 1522 2004 ¹

825 2000 918 2058 modis
931 2000 1113 2058 subvertendi
1132 1999 1277 2057 homines
1296 1995 1421 2056 armabi-

825 2077 882 2142 tur,
896 2071 1023 2129 scilicet:
1039 2071 1142 2129 callida
1153 2071 1366 2145 persuasione,
1377 2063 1419 2120 mi·
1521 2095 1522 2120 l

826 2143 989 2200 raculorum
1005 2143 1182 2216 operatione,
1199 2145 1357 2220 bonorum
1371 2137 1420 2192 lar·

846 2214 944 2283 itione,
962 2220 992 2272 et
1006 2219 1215 2271 tormentorum
1231 2212 1414 2270 exhibitione.

826 2231 976 2342 erdictis
985 2285 1209 2358 quatuormodis
1218 2287 1333 2342 multos
1347 2279 1417 2336 adse

826 2359 930 2415 trahet.
942 2358 1149 2415 Trahetautem
1157 2356 1251 2414 malos
1262 2371 1319 2429 per
1329 2365 1416 2409 mune

827 2446 869 2491 ra.
882 2429 974 2486 bonos
987 2445 1037 2500 per
1046 2433 1198 2498 tormenta,
1212 2425 1362 2500 simplices
1371 2433 1414 2500 per

827 2499 1059 2572 praedicationem
1078 2505 1106 2557 et
1125 2499 1279 2557 miracula.
1302 2493 1415 2572 Habebit

827 2587 924 2628 secum
944 2587 1044 2643 magos
1064 2579 1094 2629 et
1112 2571 1281 2640 maletlcos;
1304 2565 1411 2644 habebit

828 2659 941 2714 qnoque
961 2659 1044 2715 reges
1063 2647 1092 2700 et
1131 2642 1265 2714 rincipes.
1289 2637 1368 2698 Unde
1385 2648 1409 2688 in

826 2714 1091 2787 Apocalypsi:Vidi
1120 2717 1215 2770 emori
1225 2711 1410 2770 ascendentem

829 2786 953 2849 bcsti'om,
965 2785 995 2842 id
1018 2793 1062 2842 est
1080 2779 1407 2860 Antichristnm,hate1·

828 2862 881 2913 tem
901 2861 995 2928 capitu
1016 2863 1128 2928 septem,
1151 2857 1179 2913 id
1200 2863 1246 2914 est
1275 2856 1408 2931 principes

829 2927 985 2997 universos,
994 2933 1020 2984 et
1029 2945 1131 2985 carnaim
1143 2929 1246 2992 decem
1257 2926 1289 2984 id
1300 2929 1344 2982 est
1352 2919 1407 2976 illos

848 2998 1406 3074 niimpugnantdecalogum.litantem

826 3015 913 3138 ditur,
927 3087 961 3126 cx
976 3070 1141 3142 parentibus
1155 3073 1274 3128 senibus
1292 3077 1405 3144 concipi·

826 3135 1402 3222 etur,etnasceturinBabylone-detribu

827 3215 899 3270 llan.
911 3215 954 3283 st,
963 3213 1036 3270 sicut
1049 3217 1077 3270 in
1090 3213 1201 3271 Christo
1216 3228 1311 3271 omnis
1325 3208 1403 3279 pleni·

826 3285 894 3340 tudo
910 3283 1253 3356 divinitatisinliabitarit,
1263 3285 1305 3342 ita
1318 3283 1345 3360 in
1358 3279 1403 3354 Aq-

826 3355 955 3412 ticbristo
974 3355 1069 3413 omnis
1083 3355 1231 3428 plenitudo
1254 3353 1400 3430 iniquitate

825 3425 997 3484 inhabitabit
1013 3445 1020 3484 :
1036 3427 1102 3500 quia
1116 3427 1148 3484 in
1162 3426 1224 3498 ipso
1249 3431 1303 3484 erit
1326 3433 1399 3493 spiri·

825 3502 870 3554 tus
885 3497 1038 3570 malignus,
1058 3506 1143 3570 caput
1169 3497 1299 3556 omnium
1321 3489 1401 3618 τηῗῑῡ·

826 3639 870 3696 nis
885 3640 1043 3722 vocabitur.
1060 3672 1093 3723 -Ι
1111 3565 1398 3723 inieroccuXXXXX

826 3717 942 3768 rentum
956 3712 1132 3780 Antichristi,
1149 3727 1197 3784 qui
1212 3717 1256 3770 est
1271 3726 1321 3786 per
1333 3709 1395 3764 natt-

826 3783 953 3852 vitatem,
972 3788 1001 3839 et
1014 3783 1208 3852 manifestum,
1227 3787 1276 3856 qui
1293 3781 1342 3839 crit
1354 3785 1395 3847 ptr

827 3853 1068 3924 praedicationem,
1084 3860 1112 3912 et
1134 3861 1263 3926 apertam
1280 3859 1396 3928 persecu·

825 3925 943 3994 tionem,
959 3925 1074 3983 venient
1093 3925 1168 3984 Elias
1186 3932 1214 3983 et
1234 3923 1353 3986 Heooch,
1370 3917 1393 3970 tl

825 3995 883 4078 ipsi¹
897 4003 1069 4078 repugnent,
1088 4003 1117 4054 et
1134 4003 1264 4055 errantes
1281 3995 1316 4054 ad
1332 3989 1394 4047 tilffl

825 4073 953 4125 veritatis
977 4068 1134 4138 reducant;
1155 4068 1203 4140 qui
1223 4070 1333 4140 utrique
1354 4069 1395 4128 per

824 4139 991 4196 Zachariam
1005 4140 1069 4197 duae
1084 4139 1176 4210 olivae,
1196 4139 1224 4196 id
1241 4149 1284 4197 est
1304 4133 1391 4209 Spiritu

798 4196 801 4284 l
826 4211 927 4268 Sancto
952 4210 1039 4280 uncti,
1061 4217 1091 4268 et
1110 4227 1160 4282 per
1187 4214 1322 4269 ioannem
1347 4203 1391 4260 dno

825 4282 1006 4351 candelabra,
1020 4282 1103 4340 idest
1115 4271 1388 4340 lunendantesali'i's

825 4352 1026 4422 nominantur;
1047 4359 1074 4410 et
1095 4353 1292 4426 praedicabunt
1306 4347 1387 4408 diosus
