3124 5038
310 433 347 484 DE
377 431 579 484 tsoetstoits
610 429 733 483 uohttnt
768 431 888 484 tosrut
916 431 995 486 issu
1023 433 1170 494 ouutsrt.
1305 439 1351 492 ‘tbi
1436 470 1444 485 .

113 533 269 590 dexteram
283 533 391 599 autem,
406 528 473 600 quia
486 528 515 584 in
531 527 646 585 sinistra
661 529 710 586 ad-

115 601 269 658 versitatis
289 601 335 658 diu
359 602 430 668 tuit;
450 599 497 656 Dei
514 617 581 656 vero
596 601 709 670 dicitnr,

116 674 188 746 quia
211 679 275 745 post
294 671 483 742 abjectionem
504 677 605 728 merito
620 672 711 742 gloria

113 747 261 818 sesquitur.
283 745 390 800 Dicitur
416 759 483 814 erga
508 744 618 800 sedere.
643 742 710 814 quia

114 817 241 889 aeqiiatis
254 821 297 872 est
308 814 709 886 Patriinpotestatejudican·

116 890 162 946 di.
181 887 288 944 tticitur
306 893 335 943 et
349 899 425 942 stare
441 886 487 957 qui
505 903 572 942 snos
584 887 665 958 iurat
680 886 710 942 in

116 959 225 1017 militia
240 957 384 1032 prasenti.
398 960 455 1014 Nos
471 957 614 1014 eredimus
628 957 709 1014 Chri·

115 1039 196 1088 stum
212 1049 228 1087 a
243 1029 349 1086 dextris
366 1028 458 1085 Patris
472 1031 628 1096 sedentem,
644 1029 710 1112 quia

120 1102 268 1160 credimus
284 1117 348 1156 eum
369 1105 547 1172 regnantem,
567 1105 596 1156 et
615 1117 708 1171 quies-

118 1181 246 1241 centem,
257 1189 319 1244 qnae
330 1177 465 1228 notantur
475 1187 525 1244 per
538 1170 707 1240 sessionem;

118 1247 284 1318 Stephanus
297 1249 392 1300 autem
406 1242 475 1299 vidit
489 1247 580 1299 desum
592 1247 710 1300 stantem

116 1335 138 1374 a
150 1319 258 1373 destris
270 1319 329 1378 Det,
339 1314 406 1386 quia
420 1313 448 1370 in
463 1313 646 1372 tribulatione
662 1331 709 1388 po·

116 1389 194 1446 situs
215 1387 316 1444 habuit
337 1402 401 1443 eum
419 1391 661 1458 propugnatorem
682 1391 710 1443 et

116 1466 326 1532 susceptorem,
340 1475 403 1529 quae
427 1463 561 1513 notantur
582 1473 632 1529 per
650 1463 708 1514 sta·

118 1529 709 1598 tinnem.Sicutenimsederequiescentis

119 1607 168 1661 est
182 1609 210 1660 et
225 1602 390 1674 judicantis,
405 1597 444 1657 ita
462 1607 536 1656 stare
556 1601 709 1672 pugnantis

118 1679 152 1733 et
165 1675 335 1746 adjurantis,
354 1673 462 1729 Sedens
475 1689 543 1742 ergo
561 1673 597 1728 ad
613 1673 708 1730 deute·

121 1763 187 1804 ram
198 1744 498 1817 PateisJ'ugitermdtui
511 1743 706 1814 benignissimi

121 1817 219 1874 Patris
233 1823 360 1887 apparet,
374 1821 402 1871 et
416 1803 566 1872 vutneruin
579 1831 641 1887 quae
657 1831 708 1888 pro

122 1890 208 1946 nobis
222 1886 339 1960 pertntit
358 1885 503 1943 cicatrices
519 1886 653 1956 ostendit,
671 1887 709 1942 od

119 1960 356 2032 interpellandum
371 1975 421 2029 pro
438 1959 525 2014 nobis.

165 2055 194 2104 ¹7
211 2033 327 2088 Lerina
342 2047 472 2085 coecasris
489 2047 582 2086 cunin.
602 2061 625 2068 -
647 2029 710 2086 Om-

123 2121 177 2160 nes
196 2119 262 2159 vero
279 2100 374 2156 Sancti
389 2102 498 2170 Patre,
514 2106 542 2156 et
553 2098 708 2157 beatissimi

124 2174 243 2240 spiritus
253 2171 414 2246 jubilabant
426 2187 521 2227 eoram
535 2173 592 2228 Deo
601 2172 707 2228 taedes.

125 2246 155 2303 Si
184 2245 259 2300 enim
284 2246 392 2316 Moyses
415 2250 443 2298 et
462 2239 512 2299 sitii
536 2243 622 2299 Israel
646 2251 709 2316 pest

125 2321 276 2374 transitum
285 2315 370 2371 maris
385 2314 462 2372 rubri
472 2313 634 2371 cecinerunt
647 2331 709 2370 car·

125 2405 194 2446 nem
207 2386 336 2455 Domino,
352 2393 380 2442 et
393 2388 415 2442 si
432 2385 520 2442 tttaria
533 2387 711 2458 prophetissa

123 2477 209 2518 soror
224 2459 295 2532 ejus,
311 2465 340 2514 et
357 2457 474 2528 reliqum
499 2457 633 2513 mutieres
647 2474 710 2514 cam

123 2541 276 2602 sequentes
296 2530 436 2586 cauebant
456 2528 576 2585 Domino
594 2528 622 2584 ia
637 2533 710 2602 tyni-

125 2603 210 2677 panis¹
224 2607 251 2658 et
266 2602 378 2668 choris;
395 2609 502 2672 quanto
518 2599 606 2673 nimis
626 2602 710 2657 modo

125 2690 228 2730 omnes
242 2677 293 2729 troc
309 2673 424 2736 iaciunt,
440 2671 572 2728 omuibus
591 2674 711 2730 adversi·

127 2747 237 2803 tatibus
260 2743 423 2816 superatis?
440 2747 544 2800 Omnes
563 2747 647 2810 igitur
673 2745 710 2800 ibi

125 2816 273 2874 constituti
302 2817 435 2886 psattunt,
461 2831 559 2871 omnes
586 2821 710 2884 cautant,

127 2905 230 2946 omues
262 2887 413 2957 exsultant,
441 2903 540 2943 oirrnes
569 2886 711 2956 laetantur,

125 2976 228 3018 onines
242 2960 378 3033 garritum,
393 2957 633 3030 omnesjubitant,
649 2973 710 3014 orn·

127 3048 181 3088 nes
196 3034 326 3090 manibus
344 3031 491 3100 plaudunt,
510 3046 609 3084 omnes
627 3029 713 3101 tripu·

127 3103 219 3168 diant,
231 3103 537 3174 omnesjucundantur.
554 3103 626 3157 Vero
639 3116 713 3156 nunc

127 3175 158 3230 in
178 3191 299 3242 superna
318 3175 476 3232 Jerusalem
488 3171 602 3229 auditur
617 3171 712 3228 canti-

127 3261 193 3302 cum
206 3246 323 3314 laetitiae,
338 3250 366 3301 et
376 3261 432 3326 per
447 3261 546 3302 omnes
561 3243 638 3300 rieos
653 3243 714 3314 ejus

127 3317 164 3374 ab
193 3319 332 3373 universis
356 3316 458 3374 dicitur
483 3317 606 3371 ottetuio.
624 3317 711 3371 dum-

127 3404 214 3460 quam
232 3389 267 3444 ab
287 3387 397 3460 origine
414 3387 511 3445 mundi
527 3389 582 3444 tate
598 3387 711 3456 testum,

130 3463 232 3516 ettam
253 3460 380 3516 solemne
404 3461 512 3515 Pascha
537 3459 712 3514 celebratum

128 3535 171 3586 est
185 3529 213 3585 iu
231 3531 341 3602 patria;
356 3547 408 3587 uec
422 3547 556 3598 umquam
577 3530 642 3598 erit,
657 3527 712 3585 uisi

128 3603 201 3658 torte
218 3609 282 3674 post
304 3603 378 3658 diem
400 3601 511 3675 judicii,
530 3617 593 3658 eum
614 3617 713 3656 omnes

130 3673 245 3729 ibicum
261 3673 428 3746 corporibus
443 3672 573 3746 gloriosis
589 3687 712 3742 praesen·

131 3745 364 3802 tabimureteet·.

169 3821 199 3872 ie
216 3818 412 3874 Succusanus
426 3817 605 3870 Ascesstonls
618 3831 713 3871 naoni-

129 3905 210 3944 rcuo.
225 3919 256 3928 -
274 3891 405 3959 stagnum
424 3887 519 3957 itaque
540 3895 568 3942 et
586 3887 714 3943 sotemue

130 3965 171 4013 ‹.=t
186 3961 238 4014 boe
261 3961 372 4015 testum,
389 3961 457 4016 Nom
483 3957 619 4028 quidquid
642 3959 714 4014 Dens

131 4045 218 4100 usque
238 4035 323 4087 modo
343 4033 376 4088 te.
386 4031 407 4086 it
436 4029 501 4085 tecit
526 4037 558 4085 ut
581 4031 713 4086 adhunc

53 4147 57 4156 .
132 4100 204 4156 diem
219 4109 391 4173 perueniret.
409 4103 517 4158 Coetum
538 4108 566 4156 et
581 4109 666 4158 terra.
685 4105 714 4157 et

132 4175 225 4228 omnia
250 4189 313 4244 quae
340 4177 367 4230 in
387 4175 430 4229 his
455 4183 531 4242 sunt,
552 4173 626 4228 tacta
648 4179 714 4228 sunt

133 4249 246 4316 pmpter
259 4244 423 4312 bominem3
438 4245 524 4300 humo
543 4251 636 4300 autem
650 4259 714 4316 pro-

133 4321 193 4384 pter
205 4315 326 4388 gloriam
341 4315 485 4372 coetestem
497 4315 658 4373 habendam
676 4315 712 4371 ad

132 4401 216 4455 quam
250 4404 337 4460 isque
361 4404 437 4444 nuuc
462 4387 625 4462 pertingere
649 4393 714 4459 post

194 4481 262 4534 t'mn
279 4484 345 4536 Jaso
362 4487 483 4546 maan,
499 4497 585 4536 nonus
602 4483 650 4534 tv.

765 536 912 601 peccatum
928 547 984 588 non
999 539 1121 604 poterat,
1138 545 1351 607 quantumcum-

766 619 820 674 que
842 603 935 673 justus
961 613 1044 660 osset.
1062 605 1132 672 Quia
1156 625 1224 676 ergo
1255 611 1351 670 omnio

765 675 905 746 compieta
925 681 991 730 sunt
1007 679 1034 732 in
1050 677 1221 736 absconsione
1235 683 1349 750 Christi,

767 745 935 816 magmttrns
951 747 1032 803 ratde
1049 753 1091 804 est
1106 749 1165 806 dies
1183 751 1243 809 iste.
1264 755 1351 812 ttodi-

765 833 852 872 ernus
866 819 970 899 quippe
985 817 1046 874 dies
1064 819 1176 888 proprie
1191 829 1234 879 est
1249 823 1350 882 to-tum

765 887 1005 946 solemni-simum
1026 891 1137 948 Domini
1162 895 1251 952 nostri
1271 898 1348 966 tiso,

765 962 833 1032 quia
855 960 939 1016 bodie
964 960 1070 1030 incepit
1085 963 1185 1020 sedere
1202 967 1238 1022 ad
1256 967 1348 1026 dexto·

764 1047 825 1088 ram
845 1031 947 1098 Patris,
962 1041 991 1088 et
1014 1033 1140 1104 reipiiem
1158 1051 1259 1108 capere
1274 1055 1291 1094 a
1307 1039 1347 1096 tu-

764 1103 832 1160 bore
847 1119 906 1185 suae
927 1103 1175 1176 peregrinationis.
1193 1109 1241 1165 Est
1261 1109 1348 1168 etiam

763 1189 877 1246 proprie
896 1174 997 1232 testum
1014 1179 1139 1234 omnium
1160 1195 1348 1252 supernorum

763 1243 1001 1328 spirituumque
1015 1247 1050 1304 de
1065 1249 1184 1306 domino
1198 1267 1249 1308 suo
1262 1269 1348 1326 quem

762 1325 829 1373 ante
855 1323 894 1373 rbi
922 1317 949 1374 in
972 1319 1157 1378 humanitatis
1180 1322 1271 1382 torma
1290 1341 1346 1382 non

763 1388 903 1452 viderant,
916 1405 1019 1446 nitram
1030 1391 1187 1463 suspiciunt
1199 1397 1345 1464 gaudium

763 1468 791 1515 et
804 1459 961 1542 quiauhodile
977 1461 1069 1532 primo
1087 1461 1226 1534 incipiunt
1241 1473 1348 1524 restau-

763 1548 820 1588 rari
837 1547 925 1588 ruinae
940 1548 1076 1602 ipsorum,
1090 1533 1119 1590 in
1131 1538 1211 1593 tanta
1224 1537 1348 1595 multitu·

762 1603 828 1660 dine
852 1603 1015 1670 beatorum
1042 1613 1071 1662 et
1092 1615 1267 1676 eognoennt
1292 1625 1346 1665 nu·

762 1690 872 1730 merum
889 1691 970 1730 suum
991 1691 1043 1750 per
1059 1683 1205 1747 pecatum
1225 1678 1347 1736 olmiuu-

762 1745 1346 1820 tum,perDominumdesuinreintegran-

763 1817 840 1873 dum.
858 1819 884 1875 Si
900 1833 969 1888 ergo
987 1819 1122 1888 gaudium
1150 1829 1194 1877 est
1219 1821 1246 1878 in
1262 1823 1344 1888 roeto,

763 1904 859 1944 coram
874 1887 989 1946 ducetis
1007 1889 1066 1958 Dei,
1081 1907 1167 1962 snper
1179 1909 1234 1950 uno
1247 1911 1345 1962 pecca·

763 1964 825 2016 toro
846 1959 1043 2032 paenitentiam
1070 1969 1182 2033 agente.
1200 1965 1283 2035 quito
1300 1981 1347 2034 nu

765 2035 858 2087 tamus
877 2030 1012 2102 gaudium
1028 2048 1126 2090 eorum
1149 2033 1243 2098 tui-se,
1259 2053 1348 2107 quarn·

764 2103 800 2156 do
819 2107 861 2158 tot
885 2101 973 2158 mittin
997 2101 1156 2160 animarum
1184 2113 1347 2164 sanctarum

763 2173 799 2230 ad
817 2189 900 2230 sirum
919 2173 1050 2230 viderunt
1065 2179 1239 2233 consortium
1255 2183 1347 2236 trans·

765 2246 829 2302 iret
842 2247 875 2300 Et
897 2244 956 2314 J'am
979 2245 1094 2318 proprie
1115 2253 1156 2304 o·t
1173 2249 1277 2306 testum
1292 2251 1346 2306 Pa·

763 2317 964 2398 triarcharum,
990 2318 1207 2389 Prophetarum,
1231 2327 1259 2376 et
1276 2319 1345 2378 atia-

763 2404 827 2445 rum
844 2402 1003 2444 animarum
1028 2395 1201 2456 serratarum,
1220 2393 1287 2462 quia
1309 2393 1346 2450 ad

764 2474 915 2532 supernam
929 2461 1049 2532 patriam
1064 2460 1149 2518 hodie
1160 2461 1292 2534 primitus
1309 2463 1346 2520 in·

764 2537 920 2587 traierunt.
940 2529 967 2586 si
984 2547 1052 2596 ergo
1068 2533 1170 2590 testum
1186 2534 1346 2592 tacimusdo

764 2601 859 2674 atiquo
885 2603 987 2659 Sancto
1016 2603 1052 2659 ad
1080 2606 1165 2660 cretos
1193 2605 1345 2674 migrante,

765 2679 871 2746 quarite
888 2673 1344 2748 magisdetntmitiibus,etquan·

765 2751 794 2802 to
811 2745 900 2817 iringis
925 2747 959 2800 de
976 2747 1078 2802 Sancto
1095 2749 1284 2806 Sanctorum?
1301 2752 1349 2806 Est

765 2815 850 2872 etiam
875 2821 975 2872 testum
1004 2817 1130 2874 Dominae
1154 2825 1269 2886 nostrae,
1285 2837 1349 2890 nuae

766 2887 868 2944 Fitiurn
883 2903 965 2942 suum
981 2887 1157 2958 unigenitum
1173 2889 1347 2948 innectens

766 2975 850 3029 uriam
875 2959 910 3014 de
929 2973 960 3014 se
974 2971 1147 3040 asumptum
1164 2967 1290 3022 nornen.
1308 2969 1349 3018 to·

766 3035 823 3086 tam
837 3027 925 3084 ocutis¹
936 3027 995 3085 suis
1008 3029 1130 3100 gloriose
1140 3033 1180 3087 sic
1191 3031 1259 3088 vidit
1274 3038 1348 3090 tam·

766 3115 851 3172 quam
879 3101 967 3156 Deum
989 3115 1098 3168 verum,
1124 3117 1211 3175 super
1237 3105 1347 3162 exciitsn

766 3173 967 3240 conscendere,
983 3177 1009 3228 et
1033 3189 1133 3230 omnes
1156 3175 1241 3230 coetos
1260 3173 1349 3232 domi·

766 3241 852 3300 nandi
865 3243 929 3314 jure
952 3248 1118 3314 peneti·aro;
1140 3261 1173 3302 ee
1188 3245 1217 3302 iu
1235 3245 1283 3302 net
1302 3249 1349 3302 t'a·

767 3313 818 3371 tris
833 3329 998 3370 consessum
1013 3313 1193 3373 ascendendo
1209 3315 1348 3389 pertinge·

767 3401 806 3442 re.
822 3389 871 3442 Est
883 3384 968 3442 etiarn
985 3384 1169 3443 uibiteminus
1185 3385 1296 3460 proprie
1313 3389 1350 3444 te·

766 3463 841 3514 stum
862 3464 1000 3526 nostrum,
1017 3455 1084 3528 quia
1104 3459 1230 3515 humana
1248 3463 1349 3516 tratura

766 3529 1350 3598 hodiesuperumneacoetosestexattata,

766 3606 795 3656 et
807 3601 892 3656 homo
906 3599 1044 3672 perditus,
1059 3603 1094 3656 ad
1112 3617 1200 3672 regna
1214 3599 1350 3670 coelestio,

767 3681 795 3728 et
809 3673 844 3728 ad
863 3671 1026 3728 societatem
1042 3671 1215 3743 Angelorum
1236 3689 1286 3746 per
1301 3675 1351 3730 ttu-

768 3742 875 3799 minum
888 3744 985 3798 tesiam
1000 3749 1042 3798 est
1057 3749 1217 3801 revocatus.
1237 3747 1297 3816 lpse
1310 3749 1352 3800 ut-

767 3813 844 3872 enim
864 3813 913 3870 [tei
937 3813 966 3869 Fi
979 3813 1034 3879 ius,
1049 3813 1095 3884 qui
1117 3813 1201 3872 exivit
1220 3833 1237 3872 a
1258 3817 1352 3884 Patre,

768 3903 823 3940 non
841 3901 890 3956 per
903 3884 957 3940 tnci
977 3883 1174 3955 mutationem,
1190 3887 1237 3944 sed
1254 3905 1303 3960 per
1318 3905 1354 3944 te·

767 3965 877 4012 ternam
892 3955 1118 4026 generationem,
1131 3969 1160 4014 et
1172 3959 1354 4040 personatam

768 4026 997 4096 distinctionem
1018 4029 1103 4086 hodie
1127 4029 1243 4112 retiquit
1267 4047 1355 4088 miin-

768 4101 849 4162 dum,
861 4106 998 4168 quantum
1014 4099 1049 4156 ad
1063 4109 1244 4172 presentiam
1257 4119 1354 4174 eorpu-

769 4171 869 4236 ratem,
885 4181 914 4225 et
939 4169 991 4226 ivit
1014 4171 1050 4228 ad
1079 4175 1201 4240 t’atrem,
1226 4171 1356 4228 sariendo

769 4251 902 4298 naturam
928 4243 1076 4299 morantem
1104 4249 1235 4369 paternae
1259 4241 1357 4314 gloriae

768 4319 939 4370 consortem.
957 4313 1048 4384 igitur
1066 4330 1102 4370 va
1114 4315 1149 4370 de
1163 4315 1297 4371 antemnis
1315 4317 1357 4370 est

769 4385 830 4442 dies
845 4383 913 4454 iste;
925 4391 954 4442 et
967 4387 1064 4443 anima
1073 4401 1137 4458 quae
1153 4385 1357 4456 bominumde-

1272 4487 1296 4532 tt
