3104 5034
590 397 628 452 bt
657 397 882 454 citriensis.
1312 408 1354 462 ait

127 507 304 574 sacerdotes,
327 519 482 575 omnesque
500 502 627 574 priorum
641 507 714 560 tem-

128 595 228 650 porum
241 576 337 637 Sancti
352 581 420 632 sunt
440 574 567 645 ejusdem
592 573 715 647 Spiritus

129 651 224 710 Sancti
237 647 461 708 sanctificatione
475 645 613 718 vegetati,
630 653 659 703 et
671 645 716 703 si-

129 741 166 780 ne
185 724 239 780 hac
264 720 367 794 gratia,
392 717 471 776 nulla
492 733 627 790 umquam
649 723 717 776 sunt

128 794 259 853 instituta
284 795 473 858 sacramenta,
488 789 624 860 nullaque
639 789 715 846 cele·

130 869 212 926 brata
230 870 297 922 sunt
312 861 457 936 mysteria,
476 866 507 916 ut
523 861 624 918 eadem
641 877 715 918 scin-

131 955 181 1012 per
194 936 279 994 luerit
290 935 378 992 virtus
390 933 604 1002 charismatum,
618 948 717 1004 quam·

131 1009 172 1066 vis
187 1025 245 1066 non
259 1007 360 1065 eadem
376 1005 462 1062 luerit
477 1020 612 1062 mensura
626 1005 715 1062 dono-

131 1081 400 1138 rum21haecbeo.

165 1153 307 1221 litoreus
330 1151 455 1208 Srinirns
480 1150 577 1206 siricii
601 1165 713 1204 iussio:

132 1241 253 1280 visininis
278 1240 310 1280 ar
331 1237 494 1278 invisieinis.
512 1251 547 1261 -
572 1221 604 1276 Et
621 1218 717 1276 scien·

131 1296 208 1363 dum,
232 1293 311 1366 quod
335 1292 457 1364 Spiritus
477 1294 596 1348 Sanctus
621 1291 715 1360 datur,

130 1383 180 1424 seu
195 1365 316 1422 mittitur
330 1363 478 1421 visibiliter
486 1367 514 1420 et
524 1361 715 1418 invisibiliter.

130 1437 286 1496 Visihiliter
299 1435 429 1506 mittitur,
444 1451 508 1492 cuin
522 1433 552 1490 in
566 1433 661 1504 aliquo
676 1431 715 1490 si·

130 1526 187 1594 gno
205 1507 306 1566 visibili
321 1507 543 1564 demonstratur.
559 1508 608 1562 Est
621 1511 716 1562 autem

132 1599 161 1638 in
178 1578 347 1653 quintuplici
366 1577 459 1651 specie
475 1579 687 1634 demonstratus
707 1599 713 1634 ι

131 1651 234 1726 primo,
245 1651 274 1708 iii
285 1650 378 1723 specie
388 1650 526 1707 columbae
538 1665 623 1730 super
635 1647 716 1704 Chri·

130 1729 205 1782 stum
220 1723 409 1796 baptizatum;
425 1721 562 1789 secundo,
573 1737 603 1776 in
623 1718 721 1796 specie,

132 1794 217 1852 nubis
233 1793 344 1864 lucidae,
360 1809 446 1866 super
462 1792 607 1849 Christum
625 1799 716 1848 trans-

132 1867 303 1938 figuratum
327 1865 422 1934 tertio,
445 1864 476 1920 in
503 1865 596 1936 specie
621 1863 716 1932 llatus,

133 1939 247 2020 quando
261 1940 342 1995 Jrsus
357 1934 550 1994 insuillavitet
562 1933 642 1990 dedit
656 1933 715 2016 Spi-

131 2017 217 2066 ritum
239 2011 375 2066 Sanctum
399 2007 461 2080 ipso
484 2005 530 2063 die
554 2006 699 2063 Paschatis
707 2023 716 2076 3

132 2085 233 2163 quarto
256 2085 284 2137 et
306 2079 461 2152 quintolo
485 2077 579 2151 speeie
599 2076 675 2149 ignis
688 2083 716 2134 et

130 2152 246 2225 linguas,
260 2151 290 2208 in
314 2167 372 2223 qua
392 2149 500 2224 duplici
523 2147 617 2219 specie
631 2164 715 2222 appa-

132 2223 189 2280 ruit
215 2223 355 2281 hodierna
380 2222 437 2279 die.
467 2251 502 2264 -
531 2218 716 2278 Invisibiliter

130 2301 226 2352 autem
249 2293 381 2363 mittitur,
399 2293 515 2352 eumad
534 2293 715 2349 sanctifican-

130 2367 198 2424 dum
213 2371 374 2424 creaturam
395 2365 537 2422 mentibus
551 2365 636 2420 castis
650 2363 714 2420 illa-

131 2438 226 2499 bitur:
242 2437 317 2494 unde
326 2435 448 2494 dicitur:
461 2439 585 2508 Spiritus
594 2436 642 2491 ulit
655 2437 715 2492 vult

129 2513 232 2581 spirat,
247 2515 273 2566 et
289 2526 379 2565 uocem
393 2509 452 2579 ejus
461 2509 553 2576 audis,
567 2508 615 2562 sed
627 2509 715 2563 nescis

130 2582 204 2638 unde
222 2584 328 2650 omitit,
355 2585 405 2638 out
429 2579 503 2651 qued
529 2579 627 2635 oudot.
658 2580 715 2635 Nec

131 2653 260 2710 mirum:
282 2671 297 2706 o
320 2651 401 2720 Quia,
419 2659 450 2708 ut
464 2649 533 2708 dicit
545 2651 715 2720 smarnos,

131 2724 168 2781 de
180 2729 266 2782 verbo
282 2722 415 2780 invisibili
430 2739 479 2793 per
493 2721 589 2779 oculos
605 2737 661 2778 non
674 2719 716 2778 in·

132 2796 226 2862 travit,
249 2795 389 2867 quianon
408 2799 451 2852 est
470 2794 648 2860 coloratum
665 2791 715 2849 sed

131 2883 223 2940 neque
246 2884 296 2938 pei
310 2882 405 2936 aures,
421 2866 558 2947 quianon
574 2863 713 2946 insonuit,
729 2911 731 2918 Α

132 2953 224 3009 nequo
244 2955 294 3010 per
311 2954 404 3006 nares,
427 2953 493 3008 quia
516 2951 644 2992 nonaeri
662 2934 715 2991 mi-

132 3015 235 3091 scetur,
252 3009 302 3067 sed
318 3007 407 3065 menti
420 3026 427 3076 ;
440 3023 530 3080 nequo
542 3023 593 3080 per
609 3007 715 3076 lauces,

134 3097 202 3152 quia
218 3097 276 3138 non
295 3087 339 3138 est
355 3095 497 3144 mansum,
512 3078 542 3135 id
563 3083 606 3135 est
622 3093 716 3134 come-

132 3157 208 3208 stum
225 3153 266 3210 vel
283 3153 416 3210 haustum
430 3169 437 3220 3
456 3155 591 3207 nectaolu
605 3163 717 3220 compe·

134 3223 159 3280 ri
170 3223 248 3294 illud,
263 3223 331 3296 quia
345 3221 486 3294 palpabile
500 3237 557 3278 nori
573 3221 715 3288 estQuse·

134 3311 181 3353 res
191 3295 287 3367 igitur,
299 3311 363 3352 cuni
375 3295 433 3352 sint
443 3291 654 3365 investigabites
665 3291 717 3348 via

135 3367 234 3494 ipsius,
259 3367 333 3424 unde
355 3366 426 3424 illud
447 3365 546 3422 adosse
566 3361 717 3422 noverim?

135 3480 142 3494 i
159 3453 240 3510 empe
255 3455 287 3496 eii
302 3445 379 3494 motu
392 3437 485 3494 cordis
499 3435 623 3493 intellexi
638 3451 718 3508 prae-

133 3509 255 3566 sentiam
268 3510 340 3582 ejus,
349 3515 378 3566 et
391 3525 425 3566 ex
436 3513 501 3590 tuga
511 3507 645 3564 vitiorum
659 3522 718 3563 ear-

133 3581 296 3652 naliumqua
322 3595 534 3654 compressione
552 3579 717 3648 affectuum,

134 3651 243 3708 adverti
270 3653 427 3724 potentiam
450 3649 563 3706 virtutis
587 3652 667 3721 ejus;
690 3653 719 3705 et

133 3739 168 3781 ει
182 3723 355 3780 discussione
369 3722 428 3780 slve
447 3720 649 3804 redargutione
670 3737 717 3776 oc·
754 3759 756 3764 ,

133 3795 274 3852 cultorum
303 3811 444 3862 meorum,
469 3793 628 3850 admiratus
655 3806 717 3848 suni

132 3866 358 3940 profunditatem
379 3863 527 3938 sapientia
544 3864 621 3935 ejus;
639 3867 667 3920 et
685 3877 718 3918 ei

133 3939 391 4009 quantulacumque
403 3935 719 3995 emendationemorum

133 4024 271 4068 meorum.
302 4015 433 4080 expertus
466 4023 528 4065 sum
561 4005 719 4064 honitatem

133 4081 359 4137 mansuetudinis
379 4082 459 4153 ejus;
476 4083 505 4138 et
525 4095 558 4135 eii
575 4077 719 4134 reforma-

133 4151 211 4208 tione
226 4157 254 4208 et
268 4153 454 4210 renovatione
473 4149 588 4222 spiritus
615 4146 719 4204 mentis

132 4239 216 4293 mete,
232 4226 344 4296 percepi
360 4229 513 4296 utcumque
530 4219 717 4301 speciemflde-

133 4295 207 4353 coris
224 4297 306 4369 ejus;
325 4301 354 4352 et
377 4311 410 4351 ειι
436 4293 563 4352 contuitu
590 4305 718 4348 omnium

133 4367 237 4427 horum
261 4366 359 4434 simul,
384 4365 481 4438 expavi
510 4361 718 4424 multitudinem

770 520 817 560 ma
839 502 975 561 nitudinis
988 507 1066 578 ejus:
1083 510 1172 568 nhaee
1183 513 1353 572 benardus.

770 519 850 658 Unde
868 581 896 656 et
920 577 1145 659 chrysostomus:
1162 600 1179 640 o
1195 580 1352 657 Siquando

770 647 955 728 bonialiquid
966 655 1134 720 cogitamus,
1151 652 1273 712 sciamus
1287 658 1354 730 quia

771 719 892 790 Spiritus
916 721 1035 777 Sanetus
1057 722 1167 780 habitat
1192 724 1222 782 in
1250 728 1351 796 nohis:

771 790 794 846 si
810 807 876 872 vero
890 791 997 862 aliquid
1012 793 1211 868 mali,signum
1226 799 1354 882 estquod

772 863 892 933 Spiritus
904 863 1029 944 'Sanctus
1055 865 1170 922 recessit
1193 871 1321 928 anobis.
1340 892 1353 924 ι

771 933 850 990 Unde
873 938 959 1016 etiam
981 937 1155 1004 sepmeries
1178 957 1185 996 :
1214 961 1227 994 v
1252 941 1354 1000 Primis

771 1006 948 1087 temporibus
963 1007 1082 1066 cadebat
1106 1025 1192 1082 super
1205 1013 1355 1072 credentes

771 1077 892 1158 Spiritus
904 1079 1031 1144 Sanctus.
1051 1085 1079 1137 et
1093 1080 1284 1153 loquebantur
1295 1085 1355 1143 lin-

771 1164 845 1231 guis,
861 1164 931 1220 quas
947 1165 1006 1206 non
1024 1149 1194 1224 didicerant,
1212 1157 1355 1228 quomodo

772 1221 1025 1302 spiritusSanctus
1049 1221 1136 1282 dabat
1158 1223 1200 1282 eis
1229 1244 1353 1299 pronun·

772 1295 854 1348 bare.
876 1293 963 1362 Signa
983 1300 1066 1352 erant
1078 1301 1205 1368 tempore
1218 1305 1354 1370 opportu-

772 1379 819 1420 no.
832 1363 987 1444 Oportebat
999 1367 1075 1423 enlm
1089 1365 1130 1424 ita
1149 1371 1310 1440 significare
1327 1373 1355 1428 ln

772 1437 903 1516 omnihus
925 1435 1030 1506 linguis
1055 1438 1191 1508 Spiritum
1208 1441 1355 1513 Sanctum,

772 1522 839 1577 quia
855 1507 1040 1577 Evangetiuin
1054 1508 1104 1565 Dei
1121 1525 1172 1582 per
1189 1528 1286 1570 omnes
1300 1513 1354 1572 lin-

772 1593 843 1648 guas
858 1593 1009 1636 cursurum
1026 1587 1087 1636 erat
1102 1585 1161 1638 toto
1175 1584 1246 1640 orbo
1259 1591 1356 1642 terra-

773 1664 845 1730 rum.
862 1648 1056 1730 Significatum
1073 1656 1116 1708 ost
1128 1652 1240 1724 illuil,et
1259 1663 1357 1714 trans-

772 1725 814 1776 iit.
843 1723 872 1778 Si
897 1737 964 1794 ergo
990 1737 1041 1794 per
1060 1723 1121 1781 lime
1148 1723 1284 1784 miracula
1299 1743 1357 1786 non

772 1792 824 1848 llnt
852 1793 936 1848 inodo
965 1793 1160 1852 testimonium
1216 1799 1357 1858 raesentiae

774 1861 894 1944 Spiritus
914 1865 1020 1946 Sancti,
1041 1867 1116 1926 unde
1127 1869 1184 1952 ⁸llt‘l
1196 1813 1278 1928 boue
1293 1887 1357 1954 cog·

774 1941 864 1992 noscit
891 1951 1011 2007 quisquo
1039 1953 1183 2012 accepisse
1210 1958 1241 1997 so
1268 1941 1356 2016 Spiri-

772 2010 838 2088 tum·
848 2007 1005 2088 Sanctum?
1020 2011 1179 2084 Interioget
1194 2028 1243 2070 coi·
1262 2029 1356 2082 suurn,

773 2093 796 2134 si
812 2078 904 2159 diligit
918 2080 1046 2149 tratrem,
1062 2091 1158 2140 manet
1171 2082 1291 2154 Spiritus
1307 2083 1356 2144 Dei

773 2151 802 2204 in
816 2149 875 2230 illo.
894 2149 1002 2231 Videat,
1015 2151 1248 2226 probetseipsum
1261 2172 1357 2214 coram

772 2222 861 2302 oculis
875 2222 943 2302 Dei;
962 2223 1057 2278 videat
1071 2223 1095 2280 si
1111 2229 1155 2282 cst
1176 2224 1205 2282 iii
1225 2226 1274 2284 illo
1286 2228 1357 2285 dite·

772 2297 829 2373 ctio
843 2308 921 2364 pacis
930 2298 958 2349 et
969 2293 1094 2360 unitatis,
1104 2301 1132 2352 et
1141 2296 1254 2354 dilectio
1266 2299 1357 2356 Eccle-

772 2380 821 2420 siae
838 2369 898 2420 toto
915 2371 1056 2422 terrarum
1071 2367 1140 2424 orbe
1157 2367 1278 2427 dillusae.
1294 2373 1356 2428 Non

771 2435 973 2493 attondateum
986 2437 1078 2495 solum
1088 2438 1207 2512 diligere
1223 2441 1352 2510 tratrem,

771 2522 857 2578 quem
875 2509 998 2564 attendit
1016 2517 1083 2568 ante
1103 2527 1143 2584 se.
1164 2511 1266 2570 blultos
1279 2513 1357 2572 enim

771 2579 875 2660 tratres
895 2587 1008 2662 nostros
1029 2598 1087 2638 non
1115 2583 1254 2655 videmus,
1277 2593 1306 2642 et
1329 2584 1357 2642 in

772 2657 882 2732 unitata
894 2651 1015 2722 Spiritus
1026 2651 1268 2727 illiscopulamur.
1284 2656 1358 2725 Quid

773 2737 887 2792 mirum,
903 2723 970 2794 quia
984 2725 1134 2784 nobiscum
1146 2745 1204 2784 non
1221 2725 1311 2785 slint‘l
1327 2731 1356 2785 lii

772 2809 828 2848 uno
842 2809 962 2874 corpore
977 2811 1085 2864 sumus,
1102 2814 1190 2855 unum
1208 2805 1291 2870 caput
1306 2802 1358 2856 ha·

772 2865 872 2945 bemus
886 2881 916 2945 in
931 2867 1015 2945 cralo,
1026 2882 1094 2936 ergo
1106 2867 1128 2922 si
1142 2869 1181 2923 vis
1195 2886 1277 2926 nosse
1292 2873 1357 2942 quin

772 2941 905 3006 accepisti
924 2935 1059 3006 Spiritum
1075 2939 1220 3008 Sanctum,
1234 2942 1354 2998 interro·

772 3021 809 3086 ga
823 3021 872 3062 eor
891 3009 986 3075 tuum;
1000 3007 1024 3063 si
1039 3015 1082 3064 est
1101 3009 1151 3068 tibi
1167 3011 1281 3068 dilectio
1299 3011 1356 3068 lii-

772 3082 835 3146 tiis,
846 3091 963 3158 securus
975 3079 1035 3150 jam
1051 3085 1123 3150 esto,
1136 3098 1196 3138 non
1211 3087 1303 3155 potest
1316 3101 1357 3140 es·

773 3165 804 3206 sa
817 3149 931 3205 dilectio
942 3149 1003 3206 sine
1016 3149 1122 3222 Spiritu
1136 3155 1194 3222 Dei,
1205 3153 1271 3224 quia
1282 3155 1356 3212 Pari-

773 3221 817 3276 lus
830 3221 933 3276 clamat
946 3237 953 3278 2
968 3221 1078 3278 Caritas
1093 3227 1143 3280 bei
1158 3225 1262 3294 diffuso
1275 3232 1314 3282 est
1329 3229 1357 3282 io

773 3291 901 3348 cordibus
922 3295 1035 3364 nostris,
1054 3311 1105 3366 per
1125 3297 1263 3367 Spiritum
1286 3299 1357 3356 Son·

774 3368 857 3432 etum,
872 3364 1015 3434 paricletus
1029 3367 1158 3422 menotio
1174 3386 1182 3422 ι
1200 3387 1213 3418 i
1225 3367 1286 3424 haec
1300 3369 1358 3425 Aa·

773 3437 912 3518 dmiiw:
935 3433 1031 3516 ltlissio
1046 3453 1114 3520 ergo
1127 3437 1248 3511 Spiritus
1262 3437 1356 3498 Sancti

773 3505 924 3562 invisibilis
938 3507 970 3564 lit
989 3509 1204 3566 inhabitatione
1220 3515 1357 3568 creatura

773 3576 931 3660 ¹rationalis,
954 3579 1005 3636 sed
1029 3579 1125 3638 missio
1144 3580 1263 3639 visibilis
1278 3581 1359 3639 sitad

774 3649 1009 3708 inhabitationem
1023 3651 1274 3710 demonstrandam
1284 3653 1358 3711 aliis.

810 3725 825 3775 5
852 3721 936 3778 Sioua
962 3739 1025 3778 inii
1050 3741 1209 3781 rnnsssrin
1235 3725 1358 3783 Sriiiirns

775 3791 882 3864 Sinoni,
891 3810 981 3856 ouoio
995 3811 1209 3852 inciiisivrss.-
1218 3797 1251 3852 st
1260 3805 1358 3854 notan-

774 3863 853 3943 dum,
870 3865 949 3944 quod
969 3865 1103 3936 Spiritum
1120 3869 1254 3925 Sanctum
1273 3868 1360 3926 alicui

776 3949 869 3995 ιιιαεεε
882 3935 1120 3995 certitudinaliter
1134 3939 1206 3998 scire
1223 3957 1278 3997 non
1299 3957 1359 4012 pos-

774 4005 967 4087 semiannis
985 4007 1106 4079 Spiritus
1119 4010 1166 4068 ubi
1181 4011 1242 4068 vult
1256 4011 1358 4082 spirat,

775 4081 803 4132 et
818 4093 910 4158 neseis
923 4077 999 4135 unde
1014 4081 1117 4150 veniat,
1133 4087 1181 4139 aut
1194 4099 1249 4155 quo
1265 4085 1357 4141 vadat.

775 4148 1011 4232 donjeotuijaliter
1026 4158 1121 4210 tamen
1136 4168 1287 4226 possumus
1302 4154 1359 4210 col·

775 4218 864 4301 ligere
890 4220 984 4294 aliqua
1003 4225 1084 4298 signa
1109 4241 1161 4298 per
1179 4227 1307 4294 etractus,
1327 4240 1361 4282 ex

776 4291 879 4375 quibus
895 4301 1047 4368 utcumque
1060 4296 1199 4370 conjicere
1212 4310 1361 4370 possumus

777 4363 912 4436 Spiritum
928 4367 1062 4428 Sanctum
1087 4369 1170 4426 alicui
1192 4367 1294 4426 adesse
1315 4367 1359 4424 vel
