2974 5040
379 462 420 517 us
448 465 570 526 sexta.
599 465 632 518 tlt
659 462 822 519 rtsslole
850 461 983 517 bouill.
1246 455 1290 516 llO

30 569 203 629 Secundus
230 573 333 640 statos,
354 569 462 626 scilicet
484 569 513 626 in
536 573 642 640 morte,

31 649 89 700 est
117 641 309 714 periculosus,
331 639 397 712 qnia
421 641 528 712 hostes,
555 641 644 700 idest

31 715 213 782 daemones,
224 713 261 770 ad
272 713 426 770 morientes
437 713 589 784 accedunt,
604 717 644 780 et,

31 786 66 844 si
90 785 174 858 quod
197 786 246 857 jus
267 785 383 854 babent,
402 784 572 858 anquirunt3
594 785 644 843 scd

34 859 140 916 beata
152 856 236 929 Virgo
248 858 358 914 animas
368 856 399 913 in
410 857 644 930 morteprotcgit,

36 934 73 986 et
89 931 196 988 hostes
214 928 338 1004 expellit,
352 928 418 987 ideo
434 929 618 1004 subjungitur
635 945 642 985 ε

107 1039 153 1094 Tu
166 1051 215 1093 nos
229 1036 264 1094 ob
279 1038 355 1094 hoste
363 1039 487 1109 protepe.

38 1145 171 1203 Tertius
186 1149 286 1215 stains,
305 1144 412 1202 scilicet
435 1147 502 1227 post
522 1151 647 1200 mortem

43 1222 80 1275 et
92 1217 204 1274 anime
214 1233 372 1288 egressum,
380 1216 512 1274 similiter
521 1219 563 1272 est
575 1215 649 1288 peri·

45 1289 185 1359 culosus,
203 1291 339 1361 quonism
359 1287 399 1346 ibi
419 1292 484 1344 sunt
503 1287 649 1344 daemones

45 1359 650 1432 rugientes‚animamqnedevorarevolen-

51 1437 119 1500 tes3
133 1433 184 1488 sed
197 1435 284 1490 Beata
295 1432 345 1492 Vir
364 1449 381 1489 o
394 1431 505 1489 animas
515 1431 546 1488 in
558 1439 651 1488 morte

49 1503 181 1574 suscipit
205 1503 282 1560 etin
307 1450 412 1562 cisium
436 1503 563 1572 deducit,
588 1503 651 1560 ideo

55 1574 242 1633 subinfertur
258 1592 266 1632 ι

115 1683 153 1740 Et
168 1683 236 1738 horo
247 1681 345 1740 mortis
359 1681 478 1754 suscipe.

54 1791 80 1848 O
95 1789 214 1845 Domine
224 1789 299 1858 lecu,
311 1789 447 1856 uepres·
458 1787 534 1857 hone,
549 1802 652 1844 recom-

53 1861 265 1918 mendationem
277 1876 361 1930 quom
372 1861 467 1928 fecisti
479 1863 552 1915 inter
564 1875 613 1916 nos
627 1865 654 1917 et

57 1936 185 1991 Matrem
211 1936 287 1988 tuom
311 1947 441 1988 cesserim
455 1933 485 1986 in
505 1935 651 2002 aetemum3

56 2011 87 2062 et
98 2006 138 2060 do
149 2004 229 2060 nohis
239 2005 371 2073 pretinm,
383 2009 414 2060 ut
424 2005 450 2060 ei
460 2003 600 2060 ualeamus
614 2009 654 2060 to·

60 2080 132 2133 liter
145 2076 294 2144 desereire,
309 2075 383 2146 quod
401 2075 485 2144 clipne
499 2091 654 2132 mereamur

59 2149 127 2220 ejus
146 2150 200 2218 etit
219 2149 387 2220 nuncupari,
403 2153 428 2204 et
443 2150 507 2220 ipso
523 2147 655 2218 dierectus

62 2224 159 2277 mater
171 2222 323 2276 athemius
335 2223 430 2275 nostro
443 2221 510 2276 dtu.

103 2295 139 2362 57
149 2291 379 2348 Tnsnnnaracre
394 2307 478 2348 suren
491 2307 608 2348 rennes.
619 2321 654 2334 -

68 2365 95 2420 Α
117 2369 197 2420 secto
212 2368 303 2420 antem
319 2364 397 2433 horo,
411 2365 494 2431 lacte
507 2369 656 2419 suntiono·

69 2436 127 2492 brae
136 2433 273 2503 visibiles,
284 2449 367 2506 super
375 2437 533 2490 uniuersum
541 2440 653 2504 terram,

67 2507 213 2577 usquead
239 2508 334 2563 horam
356 2505 554 2574 oenomelum
578 2505 655 2563 enim

68 2581 173 2650 Agnus
188 2579 336 2646 innocens,
355 2583 384 2634 et
407 2593 490 2635 verus
509 2579 555 2636 Sol
572 2576 655 2650 justi·

68 2651 119 2706 uc
133 2649 260 2722 eclipsim
277 2649 450 2722 patiebatur,
466 2649 509 2706 sol
525 2652 578 2707 iste
593 2649 656 2706 risi·

71 2721 141 2780 hilis
155 2721 343 2779 clarissimum
359 2721 460 2778 mundi
475 2721 584 2791 lumen,
597 2723 656 2778 Fa·

70 2793 146 2852 ctori
160 2809 211 2849 suo
235 2794 422 2866 compatiens,
439 2792 511 2850 lucis
533 2809 592 2850 snae
610 2809 656 2850 ra-

71 2865 137 2922 dios
150 2864 267 2922 retranit
281 2869 310 2921 et
321 2865 545 2934 occultavitmon
560 2864 657 2922 valens

71 2935 178 2993 intueri
191 2935 531 3008 pendentemOominum,
541 2952 657 2993 aemor-

73 3009 109 3066 tis
119 3009 182 3080 ejus
195 3007 333 3065 vilitatem
346 3013 375 3066 et
389 3007 586 3066 acerbitatem.
605 3010 657 3064 Un·

73 3081 111 3138 de
129 3081 358 3149 chrysostomus:
386 3081 462 3136 «Sol
486 3081 658 3136 obscuratus

75 3157 137 3220 est;
151 3167 208 3207 non
222 3150 298 3208 enim
309 3151 384 3208 serre
403 3155 516 3224 poterat
529 3156 660 3208 creatura

76 3221 213 3296 injuriam
236 3223 387 3281 Creatoris.
415 3222 542 3280 fletraxit
565 3223 660 3279 radios

80 3310 158 3364 suos,
169 3293 270 3352 celavit
289 3293 406 3366 igneum
419 3295 515 3368 jubar,
532 3311 568 3351 ne
581 3293 659 3350 ride·

79 3371 125 3424 ret
137 3365 289 3438 impiorum
304 3366 452 3424 facinore:
469 3387 484 3420 s
498 3367 559 3424 haec
575 3369 660 3435 Chry-

78 3441 220 3495 sostomue.
240 3440 299 3494 lloc
309 3443 405 3496 autem
417 3438 523 3496 lactum
539 3436 592 3494 luit
608 3435 660 3494 tri-

78 3509 144 3582 plici
164 3509 296 3566 ratione:
316 3509 421 3582 primo,
441 3515 472 3566 ut
490 3514 591 3568 nature
611 3509 661 3565 in-

79 3579 233 3662 sensibilia,
249 3581 360 3638 Christo
376 3581 562 3652 compatiens,
575 3583 662 3638 corda

80 3651 192 3724 lapidea
210 3652 247 3709 ad
259 3668 357 3712 veram
369 3653 473 3710 Christi
491 3651 662 3725 compassio-

82 3739 147 3780 nem
162 3723 322 3792 emolliret;
343 3725 481 3794 secundo,
496 3729 528 3781 ut
541 3725 663 3796 eclipsa-

83 3795 122 3852 tio
135 3795 249 3852 luminis
259 3796 371 3864 solaris,
382 3795 606 3854 subtractionem
619 3811 664 3852 ve·

83 3865 236 3948 riulumlnis
249 3865 279 3923 in
294 3867 429 3926 cordibus
442 3867 620 3933 ludaeorum,
636 3871 664 3924 et

82 3937 201 3996 militnm
215 3938 357 3996 Christum
372 3939 612 4011 crucifigentium,
630 3955 663 3995 o·

84 4009 248 4078 stenderet;
269 4009 364 4080 tertio,
381 4026 418 4070 ne
442 4027 547 4084 corpus
561 4010 664 4068 Christi

84 4080 190 4138 nudum
214 4080 244 4138 in
268 4097 381 4140 crucem
410 4087 438 4140 at
465 4089 586 4140 mortem
603 4083 665 4154 ejus

86 4151 362 4234 esprobratissimam
374 4155 410 4212 ab
420 4153 513 4226 impiis
524 4169 588 4212 cnm
599 4169 666 4224 gau·

87 4223 131 4306 dtu
142 4223 244 4293 rideri,
259 4225 304 4282 vel
319 4241 367 4282 cos
382 4241 434 4284 sua
448 4225 510 4284 lnce
525 4225 579 4282 lrui
596 4240 665 4294 pter—

88 4299 220 4354 tnrtteret.
240 4297 301 4353 lton
316 4304 410 4356 sutem
423 4298 475 4354 luit
487 4297 543 4354 ista
555 4296 665 4369 eclipsis

88 4367 233 4436 naturalis,
244 4368 320 4439 qnod
332 4374 409 4440 petet
423 4386 431 4428 ι
444 4385 477 4427 ex
486 4368 597 4426 ratione
612 4371 665 4424 du·

89 4438 216 4506 rationis,
232 4440 300 4510 quie
319 4455 475 4514 numquam
491 4445 583 4512 potest
597 4439 660 4496 heri

709 567 878 628 naturaliter
895 582 948 641 per
958 571 1023 650 ⁸tres
1036 567 1137 634 horas3
1154 565 1289 638 secundo,

708 641 819 700 ratione
844 645 992 712 temporis,
1022 637 1090 710 quia
1116 637 1291 711 impossibile

709 718 752 772 est
767 711 829 770 heri
844 710 983 784 eclipsim,
1001 709 1054 768 nisi
1069 709 1099 766 in
1115 707 1291 782 conjunctio·

709 803 746 844 ne
765 785 834 842 solis
848 787 876 840 et
890 783 976 852 lnnae,
992 782 1042 840 sed
1056 786 1125 840 tunc
1144 781 1212 838 luna
1230 785 1293 840 erat

710 858 806 932 plena,
820 859 849 912 ct
861 873 876 911 e
887 855 1004 928 regione
1020 854 1056 912 sd
1071 853 1178 923 solem;
1192 851 1291 922 tertio,

711 929 822 987 ratione
850 925 1056 999 generalitatis,
1075 923 1189 998 eclipsis
1215 923 1292 982 enim

712 1015 868 1072 numquam
883 1003 977 1072 potest
995 1013 1057 1055 esse
1076 1013 1159 1069 super
1176 998 1294 1052 unium

712 1090 772 1132 som
799 1077 911 1142 taram,
932 1072 1004 1128 sicut
1023 1068 1127 1126 dicitur
1146 1067 1202 1136 hic,
1227 1065 1294 1138 quia

714 1143 790 1218 apud
803 1144 926 1202 Athenas
950 1143 1004 1199 boc
1025 1140 1116 1198 visum
1136 1139 1198 1198 luit.
1214 1139 1294 1196 Unde

713 1211 1130 1287 Dionysius,apudlleliopollm
1139 1218 1206 1268 tunc
1219 1226 1293 1296 prar-

715 1305 789 1358 scns,
805 1287 936 1344 viditboc
951 1286 1013 1342 heri
1027 1301 1079 1358 per
1096 1282 1295 1356 interposrtio·

715 1377 781 1418 nem
797 1361 881 1426 lunae,
897 1357 1046 1414 interram
1061 1355 1199 1426 etsolem,
1223 1353 1297 1412 sicut

717 1433 748 1490 lit
774 1430 803 1488 in
819 1429 915 1502 eclipsi
933 1427 1011 1498 solis,
1028 1427 1095 1500 quia
1113 1425 1184 1484 vidit
1199 1427 1296 1484 lunam

716 1505 753 1562 ab
767 1501 882 1561 Oriente
892 1501 1094 1558 ascendentem
1105 1513 1204 1556 sersus
1215 1497 1297 1556 lteri-

717 1576 804 1646 diem,
825 1579 854 1632 et
871 1589 932 1630 sese
954 1577 1161 1656 supponentem
1179 1569 1248 1652 soli;
1269 1572 1297 1626 et

718 1650 771 1706 bac
783 1649 927 1703 transacta
942 1642 1051 1716 eclipsi,
1067 1642 1134 1699 luna
1145 1641 1247 1698 redivit
1260 1641 1297 1697 ad

718 1719 873 1786 Orientem,
889 1715 929 1774 ita
941 1715 1016 1790 quod
1030 1713 1060 1772 in
1070 1729 1187 1786 vespere
1202 1711 1256 1770 luit
1267 1713 1297 1768 in

718 1791 843 1858 Oriente,
860 1789 920 1846 sole
935 1787 1073 1846 existente
1088 1785 1118 1842 in
1133 1783 1296 1854 Occidente,

719 1869 747 1922 et
760 1863 800 1919 sic
812 1863 896 1920 orbes
908 1863 999 1918 totum
1014 1865 1081 1916 sunt
1094 1858 1131 1916 ad
1148 1855 1300 1929 pristinum

719 1940 824 1991 statum
845 1931 989 2000 restituti;
1009 1932 1085 1988 unde
1111 1933 1189 2001 petet
1213 1929 1300 1986 etiam

720 2007 862 2063 delectum
876 2009 905 2062 et
916 2001 1151 2076 repugnationem
1164 1999 1232 2056 solis
1243 2013 1299 2056 non

720 2093 752 2136 ex
767 2078 866 2134 eadem
884 2077 977 2147 parte,
997 2073 1047 2130 sed
1063 2089 1078 2128 e
1094 2071 1237 2128 contraria
1250 2086 1300 2127 se-

720 2150 843 2207 cundum
855 2145 1028 2203 diametrum
1051 2142 1200 2216 incepisse.
1217 2145 1300 2213 ltem,

719 2221 776 2278 illae
791 2219 917 2276 tenebrae
936 2214 1094 2290 palpabiles
1109 2218 1191 2272 erant
1206 2217 1234 2270 at
1247 2211 1301 2268 ob·

720 2309 821 2361 scnrae,
841 2298 869 2348 et
883 2288 972 2362 nigrae
985 2287 1058 2344 sicut
1071 2287 1196 2342 tenebre
1213 2285 1304 2356 AEgy-

719 2367 760 2438 pti
773 2365 824 2421 sub
838 2363 986 2418 Pharaone
1000 2377 1007 2426 ;
1023 2359 1148 2416 tenebrae
1160 2361 1256 2414 autem
1268 2371 1302 2412 ex

720 2434 816 2507 eclipsi
832 2433 899 2491 solis
913 2430 1034 2489 naturali
1052 2427 1221 2502 lerrugineae
1235 2431 1302 2484 sunt

721 2513 750 2565 et
764 2522 856 2566 aereae
872 2507 907 2563 ad
918 2503 1125 2576 aliquantulum
1141 2499 1236 2558 clare.
1250 2499 1302 2556 Pa·

720 2583 762 2637 tet
778 2595 866 2652 ergo,
887 2577 964 2704 (ium
977 2575 1027 2632 ille
1046 2571 1159 2656 eclipsis
1174 2588 1230 2629 non
1245 2587 1302 2644 po-

721 2651 776 2708 tuit
798 2655 900 2706 natura
912 2648 936 2705 is
953 2663 1025 2717 esse,
1047 2645 1098 2704 sed
1115 2645 1302 2726 miraculosa3

722 2728 751 2780 et
759 2722 811 2779 soli
824 2720 1001 2792 Christo‚qni
1014 2723 1056 2775 est
1067 2733 1153 2774 causa
1163 2728 1303 2784 omnium,

722 2793 883 2851 manifesta.
899 2795 942 2860 Et,
960 2791 1026 2862 quis
1041 2791 1130 2847 tribus
1147 2786 1224 2844 horis
1238 2801 1305 2860 pro·

722 2871 814 2922 tensa*
838 2869 905 2921 sunt
925 2863 1063 2930 tenebrae,
1086 2860 1150 2916 ideo
1176 2861 1229 2939 has
1247 2863 1306 2939 tres

723 2938 809 2994 horas
824 2941 1062 3007 representamus
1076 2931 1203 2988 tenebris
1220 2933 1307 2984 trium

725 3006 867 3077 noctium,
895 3005 940 3062 vel
974 3003 1057 3073 otius,
1084 3002 1112 3060 in
1139 2998 1309 3058 memoriam

724 3080 864 3137 triduanae
887 3021 1040 3149 sepnitnrae
1061 3073 1152 3130 tribus
1177 3070 1309 3156 noctibus

726 3152 915 3216 celebramus,
924 3149 1006 3220 quasi
1020 3145 1169 3202 triduanas
1182 3157 1310 3214 exsequi·

726 3239 758 3280 as
770 3220 873 3280 Christi
889 3217 1006 3286 mortui,
1022 3217 1089 3290 qnia
1103 3232 1155 3272 nec
1167 3214 1234 3272 alibi
1249 3228 1310 3296 mo·

727 3293 811 3352 nachi
833 3307 936 3350 novem
959 3289 1095 3345 lectiones
1118 3285 1234 3352 iaciunt,
1252 3284 1308 3368 nisi

727 3367 784 3434 hic,
804 3368 832 3422 et
854 3379 907 3436 pro
927 3359 1056 3418 mortuis.
1078 3361 1112 3416 Et
1136 3365 1203 3414 tunc
1222 3361 1309 3412 ettam

728 3439 866 3510 primatus
882 3435 1066 3492 tenebrarum
1085 3429 1242 3486 insinuatus
1256 3429 1308 3495 est,

728 3511 794 3582 quia
815 3505 917 3564 inillis
943 3506 1043 3562 diebus
1059 3503 1192 3586 tenebrae·
1209 3513 1309 3626 cmi?-

728 3587 795 3638 rnnt
807 3579 882 3637 diem
898 3577 1070 3651 praecedere.
1087 3576 1136 3634 llis
1155 3577 1241 3630 ettam
1278 3585 1309 3626 o·

728 3655 779 3722 ris,
794 3651 932 3708 sciliceta
947 3653 1026 3706 sexta
1049 3645 1189 3718 usquead
1204 3657 1310 3700 nonam

728 3716 1310 3794 magisobtenebranturbominescomes·

729 3793 886 3853 sationibus
905 3798 933 3850 et
943 3791 1128 3850 ebrietatibus
1142 3785 1310 3844 vacando.O

730 3865 829 3940 quanti
847 3869 875 3920 et
891 3863 988 3992 Quales
1008 3861 1094 3918 etiam
1117 3858 1254 3933 religiosi,
1267 3855 1312 3914 his

730 3941 819 4006 bons,
833 3943 898 3992 tene
920 3935 959 3992 ris
977 3934 1154 4006 voluptatum
1176 3931 1312 3988 ellrenate

730 4027 760 4068 se
776 4003 958 4078 immergunt,
974 4005 1041 4077 qnia
1055 4021 1090 4062 ea
1104 4020 1169 4076 qum
1183 4001 1312 4061 Christus

730 4086 799 4139 tnnc
812 4095 913 4153 passus
925 4083 978 4144 cst,
990 4083 1135 4148 tamqnam
1150 4075 1255 4148 ingrati
1266 4087 1314 4144 pa·

730 4169 795 4210 rum
818 4151 955 4223 cogitant,
982 4150 1026 4207 vel
1048 4147 1216 4206 attenduntl
1239 4145 1311 4213 Titi,

730 4227 843 4282 Domine
863 4227 939 4293 iesu,
961 4223 1089 4278 morienti
1103 4232 1260 4290 compassus
1274 4219 1314 4270 eet
1355 4277 1367 4292 ,ι

729 4299 781 4366 sol,
801 4295 917 4368 proinde
933 4310 1030 4367 precor
1049 4297 1075 4348 et
1094 4292 1211 4357 obsecro,
1226 4291 1257 4343 ut
1271 4301 1313 4340 me

730 4385 809 4440 quem
823 4367 987 4424 rationalem
1001 4365 1113 4422 condem
1125 4363 1258 4442 diabotus
1273 4371 1311 4423 ee,

729 4443 769 4496 sic
780 4443 871 4509 socios
887 4445 935 4494 tuo
947 4441 1050 4508 pietate
1062 4435 1181 4504 compoti
1192 4430 1243 4486 tito
1256 4445 1310 4483 tiro-
