2974 5040
392 389 433 444 DE
458 389 579 446 tuum
607 390 639 443 lit
667 391 831 446 casalono
860 391 981 446 alulit
1270 394 1302 446 'ii

68 499 124 556 hue
138 495 326 556 tremendum
351 493 501 567 apparebit
514 501 599 568 caput
621 494 655 554 il·
712 495 856 554 Christum
880 495 910 554 in
932 495 1027 570 eapite
1054 497 1229 568 percutiunt,
1247 497 1298 571 qui

68 571 127 638 lud,
177 569 236 627 uod
259 584 333 625 nunc
360 583 401 623 ste
430 574 578 638 percutere
600 585 656 626 non
712 584 762 635 per
781 585 906 628 vacuam,
929 567 957 624 id
982 579 1026 625 est
1047 569 1236 641 perottosam
1257 570 1298 627 vi·

68 587 260 698 formidatis?
272 641 301 696 Er
315 637 380 696 tun'e
399 639 514 719 sanguis
525 655 577 710 per
588 655 655 697 acu·
710 645 779 708 tam,
795 639 938 698 Christum
951 640 1109 708 offendunt,
1125 641 1174 714 qui
1189 649 1232 698 est
1247 659 1296 700 ca·

68 713 128 769 laos
151 728 273 771 coronae
290 711 325 768 de
343 716 436 783 capite
459 715 611 779 extractus,
627 717 657 768 et
710 717 759 782 put
777 719 915 776 nostrum,
931 727 949 768 a
963 727 1020 782 quo
1037 715 1065 768 in
1079 727 1181 769 omnes
1195 729 1295 772 sensus

66 783 188 856 largiter
203 785 310 851 nuens,
326 783 410 838 tinxit
425 787 551 854 caputet
565 799 655 856 genas
711 787 821 838 nostros
842 781 939 840 vitales
954 782 1135 856 operationes
1153 784 1294 855 defluunt,

67 857 139 928 ejus,
154 854 199 912 ita
213 861 247 912 ut
259 852 502 926 appareretquasi
514 853 655 926 leprosus,
710 853 758 926 qui
784 860 812 911 et
831 869 949 926 operum
977 861 1140 912 nostrorum
1165 857 1296 928 exempla

66 925 657 1070 thisbtdlilutlttitillatu
710 923 1295 1070 ititilithititittutttlltitit

65 1085 134 1142 argo
149 1069 274 1142 sanguis
287 1074 379 1126 toturn
391 1073 475 1140 caput
491 1067 565 1140 ejus,
580 1067 656 1126 siout
709 1067 832 1125 laciendi
853 1111 861 1139 ,
890 1069 976 1126 homo
1003 1069 1114 1126 otiosus
1147 1070 1293 1129 Christum

66 1157 151 1198 cruor
180 1139 306 1212 flagellis
330 1145 487 1208 extractus,
516 1147 544 1196 et
568 1139 656 1197 sudor
710 1139 790 1212 quasi
811 1141 840 1196 in
861 1139 954 1213 capite
978 1140 1116 1213 percutit;
1139 1140 1180 1200 ila
1208 1147 1240 1198 ut
1259 1159 1294 1200 ex

64 1212 244 1285 sanguineus
259 1209 342 1269 tinxit
353 1226 453 1269 omnes
470 1209 543 1268 alias
559 1219 655 1284 partas
710 1211 758 1268 tali
771 1210 954 1283 percussione
965 1211 1150 1284 atspinarum
1167 1213 1295 1282 punctio·

66 1283 208 1358 eorporis,
228 1289 262 1342 ut
284 1300 342 1342 non
365 1287 478 1339 tautum
502 1297 605 1340 manus
625 1289 655 1339 et
710 1298 745 1339 ne
768 1283 885 1354 sanqms
907 1285 943 1340 de
965 1285 1058 1354 rapite
1073 1283 1177 1342 Christi
1197 1300 1294 1344 emun-

65 1357 152 1428 pades
165 1361 195 1414 et
210 1355 290 1413 latus
309 1354 437 1412 dicamus
450 1353 590 1425 sanguiue
608 1370 654 1412 re·
708 1359 803 1425 gutur,
823 1355 876 1411 hoc
892 1353 1016 1426 estquis
1031 1355 1160 1414 Christus
1174 1355 1252 1414 dolet
1264 1363 1294 1416 et

67 1441 184 1500 sparsa3
203 1428 258 1486 sed
274 1435 333 1484 tota
352 1433 428 1483 reste
453 1426 551 1496 tincta,
567 1426 655 1483 Chri·
709 1425 844 1498 pungitur
875 1441 964 1498 usque
993 1426 1030 1484 ad
1060 1427 1229 1500 sanguinem
1256 1429 1293 1488 de

66 1505 139 1556 stum
155 1497 326 1557 ascendisse
340 1498 376 1555 da
390 1500 486 1554 Bozra.
499 1499 595 1580 'Cerne
604 1497 654 1580 igi·
708 1497 766 1554 otio
781 1505 890 1566 nostso,
904 1498 974 1569 quia
986 1497 1062 1555 videt
1076 1503 1150 1572 quod
1166 1501 1293 1574 exempla

66 1574 111 1626 tur
125 1587 204 1642 eum,
222 1587 290 1628 cum
305 1571 399 1627 cordis
417 1569 606 1626 amaritudine
624 1585 654 1625 rn
709 1583 760 1626 sua
786 1585 843 1626 non
864 1569 1037 1628 fructificant
1058 1573 1086 1627 in
1105 1570 1197 1628 nohis.
1216 1575 1292 1643 lesu,

67 1639 185 1714 siugulis
206 1647 270 1700 suis
282 1640 494 1708 afflictionibus,
511 1639 579 1712 quia
595 1655 654 1698 om·
708 1643 757 1710 qui
771 1642 862 1697 nobile
880 1647 964 1713 eaput
985 1649 1063 1698 tuum
1080 1643 1218 1700 arundine
1231 1661 1292 1716 per·

66 1711 114 1770 nia
135 1713 272 1784 sustinet,
292 1729 356 1786 quae
375 1711 428 1783 ipsi
450 1715 549 1769 volunt
574 1711 653 1784 quasi
708 1715 766 1767 euti
792 1715 918 1782 uoluisti,
933 1713 969 1769 dn
995 1716 1066 1770 milii
1094 1720 1120 1770 te
1144 1720 1228 1787 copul
1245 1731 1292 1772 rto·

67 1799 163 1842 eorum
186 1801 310 1854 servus;
338 1789 367 1842 et
394 1784 430 1840 ad
458 1782 565 1850 omnia,
579 1789 654 1840 tacet
708 1787 796 1840 atrum
809 1801 859 1856 par
872 1787 983 1842 inanem
997 1788 1084 1841 uitam
1097 1801 1152 1842 nora
1172 1787 1292 1858 offenda·

67 1855 145 1926 quasi
161 1863 273 1914 mutus.
291 1859 323 1914 Et
337 1853 459 1912 maxima
473 1871 560 1912 cerne
575 1871 653 1925 eum,
707 1871 747 1925 re,
758 1857 807 1910 sed
820 1856 873 1911 tibi
884 1857 996 1926 placitis
1010 1857 1133 1914 moribus
1143 1859 1290 1916 deserui-e

66 1942 126 1984 cum
140 1937 226 2000 caput
248 1929 311 2002 ejus
323 1927 413 2000 spinis
428 1927 552 1998 planum,
565 1942 653 1983 arun·
722 1995 724 2000 Ι
745 1946 779 1982 ao
794 1929 932 1984 [loururca
946 1945 1142 1984 conouarrours
1165 1947 1197 1986 rr
1213 1947 1292 1988 raau-

66 1996 129 2055 diua
143 2000 311 2073 gravitaret
320 2016 395 2072 saepe
409 1997 578 2071 percutitur,
587 2014 654 2070 quo·
709 2015 798 2054 storus
813 2015 926 2055 raanan.
946 2029 976 2040 -
993 1998 1148 2058 Coronatio
1160 2005 1188 2056 et
1197 2000 1290 2059 illusio

69 2071 150 2127 modo
167 2074 308 2143 depresso
331 2072 404 2128 colio
421 2069 571 2142 patienter,
590 2085 653 2126 eum
709 2068 823 2138 Christi,
839 2085 872 2126 ac
885 2071 948 2142 ejus
963 2069 1098 2138 patientia
1109 2071 1291 2142 praetigurata

68 2140 164 2199 dolore
183 2149 285 2201 tamen
307 2159 421 2216 magno,
438 2143 558 2200 acerbos
581 2139 654 2198 ictus
709 2139 761 2197 iuit
775 2139 804 2196 iu
820 2157 887 2212 rege
902 2139 1002 2212 Dauid,
1016 2143 1132 2212 quando
1146 2143 1182 2199 ab
1196 2140 1290 2200 iuimi-

70 2213 184 2286 suscipit
194 2221 224 2272 at
239 2213 357 2288 patitur.
375 2214 561 2270 Periorahant
573 2228 653 2268 nam·
709 2227 741 2268 eo
756 2212 862 2280 Semei,
877 2219 957 2269 tanta
972 2213 1048 2270 mate
1061 2212 1202 2284 patienter
1217 2215 1288 2272 tole·

67 2283 654 2428 tltbtttffltlttid“distillatio
708 2282 791 2411 itti
806 2283 1290 2430 ittttttttthtt‘sititis

68 2429 214 2499 sanguiue.
231 2400 269 2472 ἶ-
283 2431 320 2486 Ex
333 2428 386 2486 isto
397 2429 517 2485 articulo
530 2426 654 2484 trahitur
706 2369 805 2498 {jojaci’t
827 2426 856 2483 in
883 2426 1024 2486 Christum
1042 2399 1163 2499 p’aimas,
1179 2373 1287 2500 ephes,

67 2495 653 2574 documentum,quodcaveamusneetnos
706 2503 736 2554 et
757 2503 881 2571 sputum.
897 2499 991 2556 Semei
1012 2498 1099 2556 tlavid
1115 2501 1206 2558 virum
1222 2517 1287 2558 san-

69 2575 147 2642 eaput
161 2573 269 2630 Christi
289 2589 353 2630 eum
370 2570 511 2629 arundine
528 2570 650 2641 parcuti-
707 2568 836 2642 guinum,
863 2575 893 2627 at
919 2570 1012 2628 virum
1040 2571 1128 2628 Batiai
1157 2577 1286 2642 vocavit;

68 2653 153 2720 amus.
169 2645 264 2718 Caput
278 2644 391 2715 quidem
411 2640 584 2716 percutiunt,
602 2641 651 2713 qui
706 2656 851 2714 synagoga
876 2641 1018 2700 Christum
1047 2643 1238 2706 seductorem.
1260 2652 1288 2703 at

69 2710 246 2773 divinitatem
260 2716 322 2792 ejus
338 2717 516 2786 impugnant,
531 2717 560 2770 et
574 2729 650 2782 euin,
705 2713 867 2770 rnatehcum
883 2713 1048 2787 appellavit.
1065 2715 1120 2771 Sed
1136 2731 1200 2772 cum
1219 2715 1289 2774 dbi-

69 2781 151 2842 Deum
164 2803 240 2845 esse.
254 2803 350 2844 varrum
361 2787 516 2857 denegant,
528 2800 650 2856 namque
705 2787 746 2840 sai
762 2784 900 2841 voluisset
923 2784 1016 2842 Semei
1037 2786 1179 2854 occidere,
1198 2788 1287 2845 David

70 2858 221 2916 secuudum
234 2859 353 2916 Paulum
364 2857 529 2930 Apostolum
543 2873 549 2912 :
561 2858 650 2928 Caput
705 2855 864 2926 prohibuit;
879 2861 907 2913 et
920 2857 1197 2930 hugeiioccidissent
1210 2859 1286 2916 deri·

70 2925 168 2984 Christi
181 2939 224 2987 eat
240 2933 321 2995 neus,
336 2930 365 2986 id
380 2935 423 2986 est
436 2927 571 2985 divinitas
586 2943 648 2984 cre-
704 2942 783 2984 sores
798 2927 916 2996 Christi,
932 2932 982 2984 aad
998 2927 1058 3000 ipse
1075 2945 1132 2985 nou
1146 2929 1285 3001 permisit.

70 3010 118 3053 ans
141 3005 184 3058 ast
206 3007 295 3071 caput
320 3007 458 3058 creaturae
485 3005 646 3072 assumptas.
705 3029 738 3041 -
753 2999 898 3055 Christum
917 2997 1004 3059 etiam
1029 3000 1287 3070 praeiiquravecunt

70 3068 178 3129 Arundo
192 3077 291 3132 autem
304 3072 346 3128 vel
361 3073 488 3129 calamus
506 3069 648 3142 signitieat
704 3069 798 3126 nuntii
814 3069 889 3141 regis
906 3071 1005 3138 David,
1030 3087 1101 3142 quos
1118 3073 1218 3128 Hauon
1236 3089 1286 3130 rex

71 3137 242 3211 Scripturana
252 3143 388 3212 divinem,
401 3143 510 3200 calamo
527 3141 649 3214 Spiritus
702 3143 933 3198 Ammonitarum
947 3149 1004 3198 tam
1020 3141 1141 3214 turpiter
1159 3143 1286 3200 dehone-

72 3207 166 3270 Sanoti
181 3215 330 3288 scriptam,
349 3216 385 3272 de
404 3231 461 3287 que
485 3211 514 3270 iu
535 3213 648 3270 Psalmo
703 3211 798 3268 stavit.
817 3211 905 3269 David
917 3212 994 3269 misit
1008 3213 1108 3268 Hanrru'
1120 3213 1235 3270 nuutios
1249 3215 1287 3271 ad

71 3277 188 3343 dicitur:
204 3289 316 3356 hinpuo
333 3303 393 3343 meo
404 3288 528 3343 colamus
539 3286 645 3342 scrita.
701 3298 801 3367 pacem
818 3282 1043 3344 instaurandam.
1058 3299 1179 3355 quorum
1193 3291 1285 3342 vestas

73 3349 177 3414 Calathe
192 3357 290 3432 igitur,
315 3367 346 3416 ut
366 3357 435 3415 dicit
461 3357 545 3420 Beda,
561 3361 647 3428 caput
701 3370 763 3427 ipse
777 3353 906 3427 praecrdit
921 3370 1011 3426 usqua
1021 3353 1059 3410 ad
1075 3361 1167 3423 natas,
1177 3361 1205 3412 et
1221 3355 1283 3413 radi

72 3421 166 3484 Christi
179 3429 350 3513 percutiunt,
367 3428 415 3502 qui
429 3427 569 3486 divinitati
585 3428 647 3499 eius
702 3425 768 3484 lecit
784 3425 907 3484 mediam
927 3428 1065 3495 barbam;
1083 3425 1125 3482 sic
1145 3429 1219 3484 ilaus
1234 3427 1284 3484 Fi-

72 3500 304 3574 contradicentes,
312 3515 441 3558 errorem
453 3515 536 3558 suum
546 3505 647 3557 aucto·
704 3497 777 3556 lium
797 3513 880 3555 suum
894 3497 931 3556 ad
954 3513 1054 3571 pacem
1074 3496 1235 3556 taciendam
1254 3499 1286 3557 in

73 3569 150 3626 atate
162 3575 258 3631 Saerae
273 3572 439 3645 scripturae,
454 3588 518 3644 quae
535 3571 646 3629 calamo
705 3569 843 3627 mundum
864 3573 952 3638 misit,
968 3585 1052 3642 quem
1068 3585 1213 3642 synagoga
1230 3587 1283 3628 nu·

73 3637 206 3715 scribitur,
219 3645 391 3702 confirmare
403 3647 542 3700 conantur
557 3659 645 3714 :qua
700 3641 773 3698 dans
793 3641 929 3712 vestibus,
944 3641 1062 3699 barbam
1088 3641 1181 3714 ipsius
1197 3641 1288 3714 sputis

74 3704 111 3790 les
126 3721 199 3783 sunt,
218 3717 266 3788 qui
285 3731 351 3774 eum
370 3730 472 3788 purum
499 3714 646 3771 hominem
701 3713 863 3770 macularit.

74 3775 151 3840 iussae
170 3786 275 3846 dicunt.
300 3787 382 3856 item,
404 3785 544 3843 arundine
562 3789 647 3857 caput
737 3804 767 3840 ar
787 3787 928 3840 hirsratua
944 3801 1108 3842 incusrouuu
1129 3787 1238 3843 Cumsrr
1254 3804 1289 3861 aq

75 3847 168 3912 Christi
193 3857 366 3932 percutiunt,
396 3857 510 3928 quaudo
530 3863 647 3929 propter
700 3871 837 3912 eucrasia
850 3867 1026 3912 exsecuturo.
1039 3858 1120 3913 -De
1133 3855 1287 3927 praemissis

76 3932 167 3983 turum
192 3929 328 3988 mundani
359 3928 489 3998 laveris,
518 3928 567 4000 qui
595 3943 647 4000 par
700 3936 797 3984 autam
815 3927 925 3983 Domini
942 3927 1122 3984 coutumeliis
1137 3927 1207 3984 dicit
1220 3931 1314 3985 Au-‘

77 3997 648 4076 arundinemsignificatur,ueusodeudt-
699 4001 829 4068 quatinus
859 4015 866 4055 :
895 3997 969 4055 «Sic
995 4001 1073 4054 euim
1095 3997 1288 4071 implebantur

76 4065 127 4120 tur.
142 4070 219 4142 ltem,
233 4079 318 4146 caput
332 4071 434 4132 Christi
450 4071 560 4127 calamo
576 4086 647 4143 par·
702 4085 767 4141 quac
783 4071 818 4126 dc
833 4085 863 4126 se
878 4069 988 4127 dixerat
1002 4069 1131 4127 Christus
1143 4089 1150 4139 ;
1162 4070 1201 4126 sic
1216 4071 1289 4126 hiar-

77 4134 283 4217 cutiuut,quiex
294 4145 443 4216 Scriptura
455 4141 645 4212 divinitatem,
705 4147 783 4213 tyras
802 4139 1032 4198 informabantur
1046 4141 1083 4197 ad
1100 4157 1207 4209 omura,
1224 4158 1289 4212 quae

78 4207 135 4273 ptus
148 4226 229 4285 quau
244 4226 356 4290 oportet
377 4213 549 4287 investigare
567 4219 645 4271 sata·
707 4219 906 4286 persecutores
921 4211 1052 4270 libuisset
1076 4214 1182 4283 iar-ere,
1195 4211 1288 4282 perie-

79 4285 150 4350 ΨΜ,
165 4288 236 4346 unde
262 4292 291 4345 et
314 4287 460 4347 interdum
478 4284 646 4362 sauguinem
704 4283 813 4354 renda;
843 4283 883 4341 sic
900 4283 1046 4359 paulisper
1064 4284 1207 4342 occultata
1232 4289 1290 4341 tre·

80 4353 174 4412 errem
187 4358 312 4418 eliciunt.
328 4361 408 4430 item
425 4373 490 4416 cum
505 4355 647 4416 arundine
705 4356 811 4414 menda
824 4357 965 4432 potentia,
980 4356 1198 4412 commendatur
1210 4353 1290 4428 prius
