3104 5034
574 463 614 516 illi
642 461 869 518 indiscussi.
1297 472 1341 525 tlt

92 572 152 646 qni
169 570 214 628 die
230 586 263 629 ac
282 575 366 629 nocte
378 571 515 643 psallunt.
531 571 611 629 Unde
627 571 695 628 dicit

91 647 286 710 Hieronymus
300 663 309 698 .·
322 665 335 694 n
352 644 481 702 Monaclii
497 644 601 701 debent
611 645 695 701 balic-

95 731 136 773 re
155 715 313 788 puritatem
329 718 496 789 Martyrum,
513 715 653 788 siqnidem
669 721 696 773 et

90 785 156 856 ipsi
182 793 321 844 martres
343 793 417 844 sunt.
447 787 528 855 Quod
552 787 630 844 enim
655 787 695 844 ia·

92 857 181 915 ciunt
204 858 306 931 Angeli
331 857 360 915 in
381 858 471 925 coelis,
489 863 542 916 tioc
562 860 695 916 monachi

93 930 259 1002 psallentes
274 930 320 987 dle
335 946 368 987 ac
382 935 465 987 nocte
480 929 588 988 iaciunt
600 931 694 988 inter·

94 1001 168 1057 ris:
186 1021 199 1053 n
220 1001 281 1059 baec
297 1004 489 1072 Hieronymus.
510 1005 543 1059 Et
559 1003 614 1060 hoc
633 1019 695 1060 ma·

92 1071 178 1129 xime
191 1071 330 1130 assimilat
341 1089 393 1130 nos
408 1073 581 1142 caelestibus,
597 1090 694 1158 quain·

96 1142 147 1200 vis
161 1144 255 1201 adtiuc
274 1143 403 1202 interris
424 1145 568 1216 paramini
593 1161 692 1204 simus.

96 1215 183 1273 Unde
196 1217 354 1272 benardus
369 1235 378 1272 .-
395 1237 410 1268 n
429 1217 504 1274 Nihil
525 1220 564 1274 ita
579 1217 694 1290 proprie

96 1287 256 1358 quemdam
273 1287 357 1345 terris
368 1293 556 1361 representat
570 1289 694 1346 cmlestiii

95 1358 290 1416 habitationis
315 1363 432 1424 statum,
460 1360 534 1418 sicut
561 1361 694 1419 alacritas

96 1429 280 1489 laudantium
293 1433 393 1500 ileum.
405 1429 516 1489 dicente
527 1431 691 1504 Scriptura:

94 1504 183 1558 Beati
198 1506 247 1574 qni·
268 1503 396 1559 babitaret
414 1507 444 1559 in
468 1505 547 1560 domo
562 1510 620 1568 tua,
640 1509 692 1562 llo·

96 1575 186 1639 mine,
212 1577 243 1630 t'tt
267 1575 358 1630 secula
372 1577 523 1634 seculorum
539 1576 694 1634 laudabunt

97 1649 129 1700 te
144 1663 152 1701 i
168 1666 183 1696 »
200 1646 261 1702 haec
275 1647 442 1704 bernardus.

142 1721 173 1774 15
187 1721 301 1775 Auarici
315 1735 383 1775 suna
397 1735 542 1775 emensam.
559 1749 590 1760 -
607 1719 693 1777 Festi·

98 1803 209 1845 nemus
223 1787 309 1855 initur
323 1795 352 1846 et
369 1806 421 1848 nos
437 1789 550 1862 ingredi
570 1789 599 1846 in
615 1790 693 1848 illam

96 1858 245 1930 requiem,
261 1861 307 1917 ulii
324 1867 404 1919 tanta
419 1863 633 1934 superabundat
649 1861 692 1919 ia-

97 1929 270 1988 desinenter
283 1932 393 2000 liatitia,
407 1939 436 1990 et
451 1932 487 1990 ad
501 1941 623 2005 patriam
642 1949 692 1990 no-

98 2007 193 2058 stram
214 2002 281 2059 totis
295 2004 446 2062 conatibus
465 2020 577 2076 semper
594 2004 693 2077 suspi-

98 2089 210 2130 ramus.
221 2075 310 2131 lttmsti
323 2075 351 2132 in
362 2075 468 2144 seculo,
482 2075 549 2147 qnia
561 2081 693 2149 peregri-

98 2161 236 2202 namura
250 2146 378 2216 Domino,
395 2147 444 2218 uui
463 2147 540 2205 enim
567 2164 623 2205 non
639 2164 694 2220 pe-

100 2216 267 2288 regrinatur
282 2233 300 2274 a
318 2235 367 2275 cor
387 2235 436 2276 are
449 2235 512 2288 suc,
528 2219 692 2292 peregrina-

100 2292 149 2344 tur
171 2287 300 2348 Domino.
321 2235 408 2348 iltufto
422 2297 516 2347 antem
531 2293 633 2349 metius
649 2297 693 2350 est

100 2359 220 2416 dissolvi
234 2375 251 2417 a
267 2377 399 2434 corpore,
413 2369 442 2419 et
455 2363 603 2420 adliaereie
622 2366 689 2421 [lea.

101 2431 241 2488 Odiamus
265 2449 334 2516 ergo
357 2435 442 2506 bajus
460 2433 556 2491 miseri
583 2443 612 2491 et
632 2451 690 2508 pn-

101 2501 172 2560 tridi
200 2519 328 2587 corporis
347 2505 434 2562 nostri
460 2521 638 2578 compagem,
662 2513 690 2564 et

26 2613 29 2622 ·
99 2573 129 2631 ei
142 2590 240 2632 curam
254 2593 284 2632 in
300 2575 450 2634 desideriis
465 2593 521 2634 non
541 2578 688 2648 iaciamus,

102 2649 179 2718 quad
207 2645 252 2704 bic
275 2664 327 2705 nos
351 2649 461 2706 detinet
482 2657 642 2708 carceratos
661 2657 690 2708 et

99 2720 269 2790 peregrinos
292 2735 310 2777 a
332 2725 412 2778 tanto
431 2719 517 2790 bona,
546 2721 624 2792 quia,
642 2738 688 2780 se·

100 2789 226 2846 cundum
246 2792 425 2862 Apostolum,
441 2793 578 2860 Quamdiu
594 2798 623 2850 tn
641 2797 690 2851 boc

100 2877 214 2932 corpore
226 2877 330 2924 sumas.
346 2867 555 2934 pereprimimur
569 2882 587 2920 a
602 2868 689 2922 Domi·

100 2947 151 3000 iio;
173 2932 358 3007 dicamusque
377 2951 440 2992 cum
455 2936 555 2992 eodem
570 2938 690 3008 Aposto-

101 3003 152 3060 lot
170 3006 338 3061 mainerium
356 3007 440 3062 'iubeo
454 3008 571 3063 dissolui
594 3015 619 3063 et
635 3023 692 3064 essa

104 3090 166 3130 oum
184 3078 305 3145 ctrina
327 3077 475 3134 etiterum
496 3095 503 3133 :
524 3080 628 3145 lutetia
645 3096 692 3148 epo

105 3145 204 3202 bomo!
223 3147 289 3214 Quis
314 3167 357 3205 me
378 3149 507 3204 liberabit
532 3150 566 3204 de
583 3165 694 3222 corpore

104 3221 202 3274 mortis
221 3220 326 3288 buius?
344 3221 541 3278 lleideremus
556 3222 618 3293 ejus
635 3220 692 3278 dis·

104 3287 287 3360 solutionem,
303 3297 333 3348 et
345 3308 409 3350 eam
424 3291 557 3350 continue
571 3309 588 3349 a
601 3295 693 3350 [lomi-

105 3376 143 3417 na
163 3364 348 3434 postulemus,
369 3363 436 3435 quia
456 3379 507 3436 per
531 3381 583 3421 nos
603 3368 693 3437 ipsam

104 3433 242 3505 consequi
269 3451 325 3492 non
354 3435 490 3494 valemus.
519 3437 553 3493 Et
579 3435 693 3494 interim

104 3503 206 3560 saltem
221 3506 377 3564 moriamur
392 3507 510 3576 mundo,
525 3515 554 3564 et
570 3508 693 3581 pompis,

105 3577 694 3650 accuncupiscentiisejus,etabstrabamus

104 3662 160 3704 nos
171 3648 257 3706 corde
268 3647 334 3706 lorti
348 3655 377 3707 et
390 3649 584 3722 perseveranti
598 3653 635 3708 ab
651 3651 694 3708 bis

106 3719 193 3776 rebus
207 3720 332 3790 cadimis,
348 3729 404 3778 eta
418 3719 540 3777 miseriis
551 3721 693 3790 brevibus,

108 3795 137 3846 et
157 3789 269 3848 levibus
292 3791 396 3849 harum
424 3807 521 3850 rernm
541 3791 696 3850 visibilium

106 3859 313 3933 notatiunculis,
329 3879 393 3935 anni
405 3862 518 3920 animas
531 3870 644 3921 nostras
657 3863 695 3920 vi-

105 3931 155 3988 tiis
170 3931 310 3996 inliciunt.
327 3941 355 3992 et
369 3937 488 3992 virtutes
510 3949 526 3991 a
546 3933 629 3991 nobis
646 3951 696 3991 ei-

106 4002 225 4060 clndunt
241 4023 248 4062 :
262 4005 340 4077 quia,
354 4007 508 4064 secundum
523 4006 695 4072 Greqorium,

108 4090 309 4148 concupiscens
326 4077 448 4134 visibilia
466 4077 622 4134 invisibiles
635 4077 698 4134 vii·-

108 4151 184 4204 tutes
207 4148 332 4216 amlttit;
354 4157 383 4204 et
402 4151 558 4206 secundnm
577 4151 699 4216 illirpso-

108 4225 233 4280 atomum,
251 4221 329 4276 nulla
342 4237 387 4276 ras
402 4219 442 4277 sic
458 4217 596 4293 praepedit
615 4221 700 4276 virtu·

110 4295 179 4352 teni,
196 4289 268 4347 sicut
285 4295 414 4360 voluptas
430 4297 596 4363 corporatis.
622 4293 700 4348 Unde

112 4361 151 4417 ait
167 4364 216 4418 teo
233 4363 306 4435 Papi
326 4381 363 4418 :n
382 4365 437 4419 tloc
451 4363 700 4420 mailmeinterio-

113 4433 278 4492 raliominn
292 4437 461 4508 corrumpit,
472 4435 548 4507 quod
560 4435 702 4494 exteriora

751 569 891 641 delectat;
912 576 942 630 et
967 575 1047 630 tanto
1076 573 1224 632 rationalis
1243 573 1342 636 anima

750 643 907 715 purgatior.
934 649 1040 714 quanto
1070 645 1152 702 luerit
1181 648 1342 707 substantia

750 715 843 772 carnis
858 714 1003 772 alilictior.
1021 735 1035 768 ii
1052 717 1084 772 Et
1103 717 1238 786 breviter,
1254 727 1287 776 ut
1300 725 1341 777 ait

750 790 926 856 Anpnsti'nas
941 806 950 842 r
972 809 986 839 n
1000 787 1102 844 Cetera
1124 796 1256 847 creatura
1270 791 1340 848 vile·

749 865 821 928 scat,
835 869 865 916 ut
880 860 956 916 solus
968 860 1086 916 Creator
1102 857 1132 916 in
1147 861 1233 918 corde
1248 862 1342 920 dulce·

750 938 819 987 scat.
836 933 917 998 Nam,
932 931 1088 988 secundum
1102 932 1280 1004 Apostolum,
1295 949 1342 992 va·

751 1001 833 1059 nitati
858 1009 990 1059 creatura
1011 1003 1141 1074 subjecta
1160 1009 1214 1072 est,
1230 1010 1259 1061 et
1279 1005 1343 1064 ideo

750 1079 894 1131 amatores
913 1089 979 1130 snos
994 1072 1063 1130 lacit
1078 1089 1177 1142 vanos,
1194 1080 1222 1131 et
1238 1075 1344 1134 multos

750 1144 856 1217 decipit
870 1144 1010 1202 incautos.
1022 1145 1065 1202 iiO
1077 1160 1162 1218 quam
1177 1145 1343 1220 ielix,qucm

751 1216 855 1274 misera
878 1215 976 1274 mnndi
999 1215 1110 1274 vanitas
1136 1233 1194 1275 non
1219 1218 1329 1276 seduxit

750 1305 814 1362 quae
838 1305 913 1345 nunc
941 1287 1085 1360 praecipue
1111 1289 1208 1347 multis
1227 1262 1341 1348 iunoni

752 1363 831 1418 Unde
847 1361 1079 1431 chrysostomus:
1099 1381 1113 1413 a
1135 1363 1253 1432 Semper
1272 1361 1342 1434 qui·

751 1432 826 1500 dem,
838 1432 887 1488 scd
896 1448 970 1489 nunc
981 1430 1123 1504 praecipue
1132 1439 1338 1506 competenter,

751 1507 875 1561 dicitur:
894 1507 1012 1559 Vomitus
1025 1506 1192 1573 sanitatum,
1207 1511 1233 1560 et
1247 1509 1340 1562 omniu

750 1579 872 1632 vanitas.
886 1577 966 1632 Hunc
978 1572 1147 1630 versiculum
1157 1574 1179 1630 .·i
1195 1581 1339 1648 saperent,

751 1646 799 1718 qui
814 1647 844 1702 in
858 1644 985 1719 potentia
1007 1651 1166 1716 versantur,
1179 1645 1209 1702 in
1226 1646 1340 1720 parieti-

750 1719 804 1776 bus
823 1717 955 1776 omnibus
970 1721 999 1774 et
1018 1717 1144 1774 vestibus
1156 1717 1217 1774 suis
1230 1719 1338 1778 scribe·

751 1787 1338 1862 rent,indoma‚injanuisiningressibus,

750 1869 779 1919 et
793 1867 860 1919 ante
874 1860 972 1918 omnia
985 1859 1014 1916 in
1029 1859 1210 1918 conscientiis
1223 1861 1293 1931 suls,
1309 1867 1341 1920 ut

751 1949 863 2004 semper
876 1933 951 1990 enim
964 1930 1053 1988 oculis
1064 1930 1122 1988 suis
1137 1939 1297 2004 cernerent,
1313 1939 1341 1990 et

751 2005 836 2062 corde
845 2004 984 2060 sontii-eat
998 2003 1135 2070 Quoniam
1146 2004 1260 2074 quinem
1272 2005 1342 2062 mul-

751 2073 1340 2160 taesunttacies‚etmuttaeimagineslnlsae,

751 2165 814 2218 qnae
829 2145 975 2216 decipiunt
996 2145 1143 2214 incautos;
1164 2147 1240 2204 istud
1254 2163 1340 2220 opar-

751 2225 790 2276 tet
810 2218 936 2290 quotidie
958 2215 1080 2273 recitare
1105 2231 1232 2287 carmen,
1256 2223 1284 2274 et
1310 2218 1340 2276 in

747 2287 888 2365 prandiis,
904 2295 933 2346 et
950 2287 978 2344 in
993 2289 1099 2355 coenis3
1120 2293 1147 2344 at
1166 2289 1196 2346 in
1211 2288 1339 2372 omnium

746 2367 886 2421 conventu
902 2374 1133 2430 unumquemque
1145 2377 1273 2434 proximo
1287 2377 1339 2419 suo

746 2449 849 2493 canere
863 2443 922 2492 eta
937 2431 1064 2505 proximo
1079 2445 1131 2487 suo
1146 2433 1268 2490 libenter
1282 2449 1339 2490 au-

747 2503 1006 2578 crispinianum
1018 2500 1174 2562 vanitatum
1187 2508 1241 2572 est,
1252 2509 1338 2576 atque

746 2581 843 2636 omnia
857 2575 968 2635 vanitas
983 2592 990 2630 :
1007 2595 1022 2625 i>
1041 2575 1101 2630 baec
1120 2575 1336 2646 Glirpiostumns.

746 2654 878 2708 Amorem
895 2665 927 2705 er
946 2661 1074 2704 orarum
1092 2645 1285 2706 deficientium
1302 2648 1339 2704 ad

746 2665 973 2794 incorruptibilia
997 2719 1212 2798 transieramus
1235 2717 1338 2802 et,·qui

747 2809 844 2850 sumus
857 2795 893 2850 ad
908 2790 1041 2847 sublimia
1056 2790 1160 2858 vocati,
1176 2791 1338 2847 coelestibns

750 2865 935 2921 delectemur.
962 2861 996 2916 Ut
1013 2857 1108 2916 Sancti
1127 2863 1264 2932 gaudent,
1290 2865 1339 2916 in-

748 2937 783 2992 de
803 2940 830 2992 et
851 2949 903 2990 nas
921 2930 1097 3014 gaudeamus
1115 2949 1122 3000 ;
1143 2933 1245 2988 haram
1265 2929 1345 2988 divi-

728 3017 730 3022 ’
748 3007 803 3063 tias
818 3008 1061 3076 concupisttt¹nle·.
1072 3021 1122 3076 per
1139 3003 1241 3058 bonnm
1255 3017 1341 3058 aemu·

749 3078 883 3135 tationem
910 3075 946 3132 ad
976 3075 1052 3156 ipsos
1080 3070 1252 3142 tendamus3
1277 3088 1342 3130 cnm

750 3147 853 3233 quibus
869 3147 952 3204 nobis
965 3145 1052 3201 inei-lt
1067 3145 1240 3204 consortium
1252 3147 1340 3227 'devo-

749 3219 847 3288 tionis,
872 3217 927 3275 erit
950 3225 980 3274 et
998 3231 1161 3276 communio
1179 3217 1338 3288 dignitatis.

751 3295 874 3350 litantem
889 3295 1014 3346 nostram
1031 3303 1144 3362 semper
1158 3288 1187 3345 in
1198 3287 1277 3344 coelis
1293 3291 1339 3369 tin·

750 3365 881 3430 beamus,
897 3367 926 3417 et
953 3361 990 3418 ad
1014 3361 1165 3419 Dominum
1185 3359 1338 3440 multitaria

751 3452 802 3492 nos
815 3437 974 3497 vocantem,
983 3437 1043 3488 toto
1056 3433 1142 3491 corde
1156 3440 1183 3490 et
1194 3429 1338 3488 desiderio

748 3507 910 3564 tendamus.
931 3503 1012 3574 Quia,
1028 3509 1060 3562 ut
1082 3505 1123 3562 ait
1138 3505 1337 3574 Aapnstinus:

749 3579 911 3637 desaltavit
936 3581 967 3632 ut
994 3580 1076 3645 pians
1103 3577 1141 3632 ad
1175 3573 1337 3631 mirandam

749 3654 841 3718 aiom:
857 3649 1005 3706 nonenim
1021 3647 1153 3716 tardavit,
1166 3645 1216 3703 sed
1236 3659 1337 3701 cucur-

750 3721 788 3778 rit
799 3721 927 3778 clamans
939 3719 1033 3788 dictis,
1049 3717 1142 3784 iactis,
1151 3715 1219 3786 vita,
1233 3720 1337 3784 morte,

751 3793 898 3860 descensu,
918 3805 1048 3858 ascensu,
1074 3797 1104 3846 ut
1127 3789 1279 3846 redeamus
1302 3789 1339 3844 ad

751 3879 835 3932 eum3
850 3869 878 3920 et
891 3859 1022 3918 discessit
1036 3861 1073 3918 ab
1082 3860 1181 3930 oculis,
1195 3866 1226 3918 ut
1238 3858 1338 3916 redea-
1361 3919 1364 3926 ,

752 3951 814 3992 mns
831 3935 866 3991 ad
882 3949 941 4002 cor,
957 3937 986 3989 et
1011 3931 1188 3989 inveniamus
1205 3947 1280 3989 enin.
1297 3929 1340 3987 Ad

753 4006 844 4079 ipsum
873 4019 987 4075 quuiiue
1015 4003 1195 4073 aspicientes,
1223 4012 1251 4059 et
1276 4015 1342 4060 euin

754 4093 867 4148 semper
876 4075 906 4132 ic
918 4075 1002 4132 corde
1013 4081 1170 4132 retinentes
1183 4089 1342 4154 pugnemus

755 4149 884 4216 viriliter,
899 4163 966 4218 quia
982 4153 1041 4203 tota
1067 4149 1127 4203 baec
1141 4161 1269 4217 praescus
1285 4151 1342 4199 vita

755 4220 857 4276 militia
879 4225 933 4286 est,
961 4234 994 4275 ac
1013 4219 1171 4280 condictus,
1192 4225 1217 4274 ct
1236 4229 1339 4287 pugna.

755 4294 825 4348 Nam
853 4305 991 4363 prospera
1010 4297 1038 4345 rt
1061 4291 1188 4348 advorsa.
1205 4287 1299 4343 serior
1313 4290 1341 4339 et

756 4363 898 4435 tepidiias,
914 4361 1030 4418 relectio
1048 4370 1075 4416 et
1093 4361 1138 4416 ine
1151 4360 1196 4414 iia.
1214 4371 1300 4427 sopor
1313 4361 1341 4411 ct

755 4434 863 4508 vigilia,
874 4432 1035 4492 sollicitudo
1042 4437 1070 4489 et
1082 4429 1207 4503 pigritia,
1219 4430 1342 4486 lletuset
