3104 5034
379 457 418 510 nn
446 457 544 512 ecura
572 459 753 516 rureuulur
781 463 820 514 ur
848 462 971 516 eloam
1000 459 1167 514 emlu'sri.
1345 452 1391 515 tos

162 561 370 636 mutabilitatis,
391 567 441 622 aut
464 563 590 623 laesionis
611 567 746 641 suspicio-

161 651 214 694 nes
232 635 410 709 praetendere
428 640 524 708 queat,
537 639 636 710 procul
651 646 748 697 arceat

162 711 248 780 atque
275 707 404 779 repellat.
417 737 451 750 -
464 709 494 764 ln
510 707 559 766 illa
577 710 671 768 lutura
690 713 748 768 vita

162 777 370 837 inaestimabilis
389 779 540 836 delectatio
556 782 688 852 quaedam
699 783 747 840 bo·

162 867 215 910 nos
230 849 392 918 inebriabit,
409 856 437 906 et
449 851 598 909 dulcedine
612 855 656 909 sui
670 859 746 911 totos

163 939 211 980 eos
223 922 416 979 ineestimabili
432 923 605 980 exundantia
618 925 744 983 satiabit.

163 994 236 1062 Quid
253 993 333 1050 diri?
352 997 437 1051 Totos
458 995 566 1072 oculos,
582 1013 675 1068 aures,
692 1013 744 1054 ua-

163 1082 219 1135 res,
236 1081 278 1134 os,
301 1081 415 1136 manue,
438 1066 536 1137 pedes,
561 1073 668 1138 guttur,
684 1086 744 1138 cor,

160 1137 442 1210 jecur,pulm0,ossa,
454 1138 671 1210 medullae,quin
682 1147 746 1198 exta

163 1211 247 1265 etiam
263 1211 337 1280 ipsa,
355 1213 383 1265 et
398 1214 497 1266 cuncta
512 1209 667 1281 sigillatim,
687 1212 745 1268 sin-

161 1281 285 1352 gulaque
300 1281 429 1337 memhra
444 1297 542 1337 eorum
559 1283 586 1338 in
602 1284 744 1340 communi

161 1357 220 1409 tam
233 1351 356 1410 mirabili
372 1352 568 1409 delectationis
577 1357 607 1410 et
620 1355 745 1412 dulcedi·

160 1424 205 1480 nis
222 1439 304 1481 sensu
316 1424 546 1495 complebuntur,
556 1430 586 1481 ut
598 1425 657 1483 lere
670 1433 743 1484 totus

160 1495 246 1565 homo
257 1499 385 1552 torrente
397 1495 550 1568 voluptatis
558 1496 608 1554 Dei
619 1502 742 1568 potetur,

160 1570 188 1623 et
202 1567 238 1624 ab
253 1568 383 1624 ubertate
394 1567 494 1625 domus
505 1569 566 1624 e'us
576 1567 741 1629 inebrietur.

159 1669 195 1681 -
209 1637 264 1706 Qui
276 1655 343 1710 ergo
355 1639 416 1696 haec
427 1639 504 1697 hona
517 1585 602 1697 iuerit
612 1641 742 1713 adeptus,

158 1722 218 1767 non
232 1707 360 1793 intelligo
377 1711 413 1768 ad
434 1710 503 1794 quid
525 1727 576 1783 pro
593 1713 742 1770 commodo

160 1781 286 1852 corporis
301 1799 344 1840 sui
362 1783 482 1840 ulterius
495 1785 659 1864 porrigatur
672 1785 742 1842 atle-

161 1857 232 1922 ctus,
247 1854 425 1912 solummodo
440 1854 515 1911 adsit
527 1853 563 1925 ei,
580 1871 666 1938 quant
678 1872 743 1913 cun·

160 1927 220 1981 ctos
245 1929 379 1998 appetere
407 1925 541 1996 diximus,
570 1926 743 1985 diuturnitas

159 1995 239 2065 vita;
250 1997 299 2054 sed
311 1995 367 2054 ista
379 1997 421 2054 illi
435 1996 662 2069 minimedeerit,
675 1999 743 2072 quia

156 2069 231 2139 jiett
243 2070 274 2124 ia
285 2074 448 2141 perpetuum
460 2072 562 2126 uiuent.

195 2141 281 2214 qlrnu
296 2157 368 2198 sorra
382 2158 471 2198 anina
486 2158 653 2198 sueram-u
672 2142 743 2199 Sunt

160 2210 246 2268 etiam
270 2211 337 2282 alia,
366 2228 430 2284 quae
463 2212 578 2285 quidem
605 2211 650 2269 his
677 2229 743 2286 quae

158 2281 186 2338 di
208 2281 327 2340 essimus
345 2301 403 2341 non
422 2283 515 2341 minus
533 2291 674 2354 amantur,
693 2285 742 2342 sed

158 2369 176 2411 a
208 2354 344 2422 animam,
361 2357 433 2413 sicul
446 2355 496 2412 illa
510 2355 547 2412 ad
568 2371 670 2428 corpus
695 2373 740 2413 re-

158 2425 299 2496 feruntur,
315 2443 380 2499 quae
397 2426 582 2484 nihilominus
596 2427 626 2483 iu
642 2432 740 2500 septe-

157 2497 239 2554 nario
258 2514 377 2556 numero
391 2501 554 2566 constituta,
570 2515 628 2555 non
643 2499 740 2555 modi-

157 2585 223 2626 cum
238 2570 351 2642 placent
360 2573 458 2639 menti,
470 2586 533 2642 quae
544 2569 672 2643 ipsorum
682 2571 740 2628 lue-

157 2639 196 2697 rit
210 2655 312 2713 sapore
323 2641 442 2699 imbuta.
459 2644 529 2700 Sunt
541 2648 636 2700 autem
651 2643 713 2699 haec
730 2659 737 2699 ι

157 2710 306 2784 sapientia,
320 2713 455 2783 amicitia,
475 2714 636 2782 concordia,
653 2717 740 2786 pote-

157 2790 226 2866 stas,
246 2785 347 2854 honor,
368 2788 514 2854 securitas,
539 2785 683 2857 gaudium.
705 2816 739 2828 -

158 2855 304 2938 Sapientia
321 2856 408 2929 igitur
423 2861 502 2914 tanta
519 2857 549 2913 in
572 2857 667 2938 lutura
683 2856 741 2914 vita

160 2927 241 2983 bonis
255 2935 319 2996 erit,
332 2935 364 2984 ut
377 2944 477 2985 eorum
493 2945 556 3000 quae
573 2943 645 2984 scire
660 2929 741 2985 volu-

158 2996 244 3070 erint,
257 2997 328 3056 nihil
344 2998 380 3056 sit
398 3001 473 3072 quod
489 2998 631 3068 ignorent.
647 2999 742 3056 Solent

159 3069 235 3127 enim
249 3079 350 3128 cuncta
360 3087 423 3143 quae
439 3071 555 3128 scienda
569 3070 635 3128 lecit
646 3073 740 3128 Deus:

158 3146 217 3198 tam
230 3155 266 3198 ea
279 3158 344 3212 quae
358 3142 503 3214 praeterita
516 3158 602 3214 quam
617 3159 679 3213 quae
691 3143 742 3198 hu-

154 3212 205 3285 jus
224 3213 311 3270 seculi
328 3219 395 3270 sunt
409 3215 514 3270 lutura.
531 3213 572 3270 lbi
587 3231 604 3270 a
621 3213 741 3286 singulis

157 3299 268 3353 omues,
283 3290 312 3342 et
327 3287 363 3342 ab
377 3285 621 3357 omuibussinguli
634 3302 741 3358 cogno-

157 3361 283 3426 scentur,
298 3372 351 3414 nec
369 3373 542 3440 quemquam
561 3357 678 3414 omnino
697 3357 740 3414 la·

158 3427 230 3484 tebit
245 3443 302 3498 qua
315 3433 419 3497 patria,
433 3445 492 3500 qua
502 3435 597 3502 gente,
611 3443 667 3502 qua
677 3429 741 3486 stir-

156 3513 193 3626 pe
207 3500 270 3570 quis
283 3499 377 3557 editus
391 3500 486 3566 luerit,
503 3500 545 3557 vel
556 3499 624 3572 quid
638 3499 668 3558 in
683 3501 741 3558 vita

168 3569 267 3629 ecerit.
282 3601 318 3614 -
332 3570 464 3628 Amicitia
475 3571 504 3628 iu
520 3577 630 3628 mulum
645 3573 688 3628 sin
712 3589 741 3628 u-

157 3641 249 3698 lorum
263 3641 364 3700 intima
382 3659 451 3714 erga
469 3643 596 3715 singulos
617 3659 667 3700 suo
688 3588 741 3700 Fer·

156 3729 225 3769 vore
240 3715 403 3786 complebit,
418 3719 447 3770 ut
462 3729 542 3770 amor
555 3715 692 3786 qu'usque
711 3715 740 3770 in

157 3799 298 3856 quemque
315 3785 439 3841 sufficiat
453 3784 564 3856 cuique,
583 3787 741 3854 praesertim

158 3870 223 3912 cum
233 3872 332 3913 omnes
340 3872 430 3913 unum
440 3872 544 3928 corpus
554 3855 612 3911 sint
624 3856 739 3920 Christi,

158 3933 186 3983 et
199 3927 336 3997 Christus,
353 3930 400 4000 qui
417 3933 459 3985 est
472 3943 526 4000 pax
542 3929 612 4000 ipsa,
629 3926 666 3983 sit
679 3944 740 3984 om·

158 3997 350 4070 ninmeaput;
372 4016 424 4056 nec
450 3999 553 4056 minori
583 4015 613 4055 so
636 3999 739 4056 ellectu
763 4037 766 4059 i

158 4071 392 4141 complectantur,
407 4087 493 4143 quam
513 4071 641 4128 membra
659 4071 741 4126 unius
764 4110 765 4133 ,

157 4141 285 4212 corporis
300 4141 413 4200 sibimet
423 4142 545 4199 inulcem
559 4144 739 4214 copulantur.

158 4212 274 4270 Amabis
288 4212 492 4287 igituromucs,
506 4218 536 4271 ut
548 4214 739 4296 temetipsum,

159 4291 188 4341 et
202 4284 346 4341 amaberis
360 4285 395 4342 ab
410 4285 552 4356 omnibus,
561 4291 592 4342 ut
604 4287 655 4357 ipsi
668 4300 685 4340 a
698 4301 739 4341 se.
763 4289 764 4309 ¹

159 4357 245 4414 Putas
262 4355 411 4413 abundans
438 4357 495 4413 eris
521 4359 549 4413 in
576 4356 738 4424 dilectione,

149 4427 268 4501 quaudo
280 4428 335 4487 boc
345 4427 396 4486 tibi
410 4427 496 4485 luerit
506 4427 536 4486 in
548 4427 738 4501 possessione?

802 569 935 626 Attamen
951 566 1006 626 ista
1026 566 1127 638 transi,
1146 571 1176 624 et
1193 569 1389 641 contemplere

802 639 894 712 ipsum
909 655 960 712 per
978 655 1064 714 quem
1082 640 1144 708 laec
1159 637 1235 695 bona
1250 637 1302 696 tibi
1321 656 1389 712 pro·

803 727 924 780 venere;
942 716 970 768 et
994 710 1141 783 percipies,
1160 709 1228 781 quia
1249 710 1295 766 ille
1324 712 1388 784 plus

802 799 887 854 quam
902 791 932 840 tu
945 782 1078 854 teipsum,
1095 788 1123 840 et
1137 797 1223 852 quam
1242 797 1342 840 omnes
1356 801 1387 840 a·

801 855 831 910 lii
845 853 1107 926 incomparabiliter
1121 852 1229 910 amabit
1244 859 1273 909 te
1290 871 1297 922 ;
1312 859 1340 910 et
1354 859 1385 912 tu

801 943 887 998 super
898 925 1019 998 teipsum
1035 924 1174 981 ineflabili
1189 925 1311 994 quadam
1325 943 1388 984 sua·

801 998 887 1054 vitate
911 998 991 1054 illum
1010 997 1129 1054 amabis.
1150 1027 1184 1038 -
1209 995 1268 1052 Erit
1290 996 1387 1070 itaque

800 1073 880 1126 tanta
896 1069 926 1125 in
941 1068 1047 1126 cunctis
1060 1065 1223 1136 concordia,
1236 1071 1268 1124 ut
1282 1066 1310 1123 iu
1326 1069 1388 1126 nul-

800 1141 827 1198 lo
843 1141 950 1198 sentias
971 1140 1097 1210 aliquem
1112 1139 1275 1210 discrepare
1289 1140 1325 1196 ab
1339 1155 1385 1208 eo,

800 1213 876 1284 quod
902 1219 929 1269 te
949 1211 1107 1268 constiterit
1124 1211 1213 1278 velle;
1229 1225 1331 1282 corpus
1347 1229 1387 1269 u-

800 1300 869 1340 num
890 1286 1005 1352 erimuS,
1023 1299 1127 1355 sponsa
1150 1281 1253 1340 Christi
1268 1281 1386 1352 erimus,

799 1355 973 1427 quicumque
989 1355 1028 1412 ihi
1040 1354 1158 1412 erimus.
1168 1355 1231 1410 Nun
1243 1369 1312 1424 ergo
1325 1367 1387 1411 ma·

796 1429 844 1500 jor
871 1427 946 1484 inter
968 1443 1021 1484 nos
1046 1423 1189 1482 discordia
1211 1426 1277 1494 erit,
1298 1441 1386 1496 quam

799 1515 875 1556 nunc
891 1502 935 1556 est
955 1497 1030 1555 inter
1047 1497 1132 1555 unius
1148 1496 1276 1568 corporis
1293 1511 1385 1554 mem·

798 1569 860 1627 bra.
879 1572 993 1638 Verum,
1004 1568 1077 1626 sicut
1087 1568 1168 1626 rides
1182 1569 1211 1624 iu
1226 1569 1306 1624 motu
1321 1583 1386 1626 ocu·

798 1641 904 1711 lorum,
920 1641 995 1714 quod
1009 1640 1076 1697 illuc
1090 1655 1146 1712 quo
1161 1655 1235 1696 unus
1252 1637 1384 1709 vertitur,

799 1728 865 1770 mox
885 1713 958 1770 alius
979 1711 1128 1785 sequitur;
1146 1710 1187 1770 ita
1243 1723 1384 1782 ocumque

798 1788 877 1842 tuum
893 1785 965 1842 velle
977 1785 1163 1854 converteris,
1173 1798 1207 1839 re
1231 1782 1384 1840 eomnium

798 1855 861 1914 siue
872 1855 1079 1930 disceptatione
1091 1853 1167 1912 illico
1181 1856 1285 1926 praesto
1297 1853 1383 1912 habe·

798 1927 851 1986 bis,
866 1928 938 1996 Quid
952 1927 1009 1984 dixi
1023 1925 1175 1985 omniurn?
1185 1929 1250 1998 lpsa
1266 1923 1317 1982 Dei
1331 1941 1383 1982 ro-

798 1998 893 2056 luutas
904 2016 961 2056 non
973 1998 1028 2056 erit
1039 2015 1057 2056 a
1068 2005 1118 2056 tua
1133 1999 1256 2068 diversa,
1267 1997 1318 2054 sed
1331 1996 1383 2053 sic·
1421 2067 1426 2072 .

798 2076 829 2127 ut
841 2076 872 2128 tu
884 2072 961 2143 quod
973 2071 1032 2140 ille,
1048 2073 1089 2127 ita
1101 2074 1130 2127 et
1152 2069 1200 2127 ille
1223 2071 1252 2126 in
1271 2069 1383 2126 cunctis

798 2142 873 2214 quod
897 2147 939 2199 tu.
955 2143 1045 2271 GaXut
1060 2157 1185 2214 namque
1206 2156 1224 2198 a
1242 2155 1295 2198 suo
1318 2155 1382 2197 cor-

796 2228 866 2284 pore
881 2229 986 2286 quomo
1008 2229 1025 2270 ο
1043 2211 1240 2286 discreparet?
1258 2241 1292 2254 -
1312 2212 1383 2270 Cum

796 2285 892 2357 itaque
908 2287 997 2343 Deum
1011 2292 1040 2342 et
1055 2299 1154 2342 omnes
1168 2280 1304 2341 voluntati
1322 2287 1381 2340 tuae

796 2357 952 2414 concordes
983 2355 1129 2426 habueris,
1155 2356 1283 2429 prolecto
1310 2354 1380 2412 nihil

795 2428 882 2498 voles,
903 2429 979 2500 quod
1001 2445 1060 2486 non
1076 2427 1177 2501 possis.
1195 2426 1381 2499 Omnipotens

794 2498 881 2572 igitur
898 2499 954 2556 eris
975 2507 1033 2556 tuae
1059 2498 1225 2568 voluntatis,
1243 2496 1379 2571 quoniam

792 2569 887 2644 ipsum
899 2571 1128 2644 omnipotentem
1141 2569 1259 2629 habebis
1276 2568 1306 2626 in
1320 2585 1380 2626 om·

794 2643 880 2700 nibus
900 2643 1120 2701 concordantem
1147 2651 1204 2700 ture
1227 2640 1378 2700 voluntati.

793 2745 827 2756 —
841 2717 949 2786 ltaque,
968 2731 1032 2772 curn
1050 2716 1112 2772 haec
1133 2715 1186 2772 tibi
1201 2717 1281 2772 tanta
1299 2719 1380 2787 pote·

795 2790 853 2842 stas
868 2785 991 2855 alluerit,
1007 2789 1100 2844 honor
1113 2787 1273 2843 condecens
1298 2790 1379 2858 pote·

795 2856 861 2914 stati
876 2857 994 2914 minime
1010 2858 1109 2914 deerit.
1130 2855 1219 2930 igitur
1236 2858 1302 2913 dum
1311 2871 1380 2938 pos·

796 2927 922 2985 sessione
937 2929 1039 2985 horum
1056 2929 1195 2984 bonorum
1211 2943 1275 3000 quae
1290 2926 1381 2998 diges-

796 2997 884 3056 simus
899 2999 964 3055 lelir
977 2999 1075 3070 tueris,
1087 2997 1224 3070 numquid
1237 2997 1380 3056 sufficiens

795 3069 1380 3141 tihivideberisildaxime,iuquis.—Cum

795 3142 835 3198 ita
856 3159 890 3199 ue
902 3147 954 3200 tua
969 3141 1026 3200 vita
1034 3147 1172 3216 perpetuo
1181 3142 1321 3199 duratura
1330 3139 1378 3213 sit,

795 3213 825 3270 iu
837 3158 886 3272 iila
901 3213 973 3285 vita;
986 3216 1084 3271 ethaec
1098 3212 1195 3271 omnis
1207 3212 1263 3294 tibi·
1272 3214 1378 3270 haben·

795 3286 827 3355 ti,
842 3287 977 3343 securitas
1001 3301 1113 3358 quoque
1127 3301 1162 3341 ea
1177 3285 1300 3358 amplius
1318 3301 1378 3344 non

796 3357 933 3430 perdendi
960 3365 1038 3415 certo
1071 3356 1215 3426 arriserit,
1245 3355 1376 3427 obsecro,

795 3428 863 3501 quid
879 3428 1022 3486 existimas
1040 3427 1091 3487 tibi
1115 3427 1193 3486 erit?
1207 3429 1328 3486 Securus
1353 3430 1378 3483 i·

795 3503 870 3572 gitur
897 3505 1042 3558 tantorum
1067 3501 1210 3558 honorum
1239 3505 1377 3581 perpetuo

794 3571 861 3632 eris.
878 3588 929 3628 nec
945 3573 1066 3645 alicujus
1086 3573 1137 3629 tibi
1157 3571 1303 3628 adversari
1321 3587 1377 3628 vo-

794 3643 879 3700 lentis
893 3643 1037 3700 incursum
1055 3642 1178 3700 timebis.
1195 3643 1378 3700 -Potestne

763 3722 766 3783 l
795 3730 863 3786 ergo
884 3713 960 3772 illius
975 3715 1072 3786 gaudii
1087 3715 1217 3771 modusa
1234 3729 1377 3786 quoquam

794 3783 910 3842 homine
936 3785 1091 3858 penetrari,
1117 3801 1181 3842 eum
1200 3785 1277 3842 ultra
1301 3785 1378 3843 mille

795 3856 894 3926 millia,
910 3861 939 3913 et
953 3856 1047 3915 decies
1062 3861 1184 3914 centena
1197 3856 1287 3914 millia
1297 3858 1377 3915 innu-

795 3927 946 3984 merabiles
968 3927 1008 3986 ibi
1024 3929 1091 3996 sint,
1107 3935 1136 3985 et
1149 3945 1249 3986 omnes
1264 3945 1280 3986 e
1294 3929 1378 3986 adom

795 4000 970 4056 beatitudine
998 4001 1199 4072 pertruantur;
1227 4016 1280 4058 nec
1303 4001 1378 4058 ullus

795 4086 894 4126 eorum
911 4071 957 4138 sit,
976 4070 1099 4142 quinon
1115 4077 1229 4130 tantum
1250 4071 1378 4130 debono

795 4141 910 4199 alterius
933 4143 1066 4216 gaudeat,
1088 4149 1227 4217 quantum
1246 4145 1282 4201 de
1305 4145 1380 4200 suot

795 4213 937 4272 Praeterea
964 4214 1092 4273 ridentes
1113 4219 1204 4272 Deum
1223 4215 1316 4288 ipsum
1326 4229 1377 4271 su-

794 4301 845 4358 pra
861 4301 945 4356 quern
971 4286 1023 4358 ipsi
1046 4303 1076 4343 se
1093 4288 1239 4352 amabunt,
1254 4288 1331 4356 ipsos
1349 4301 1377 4342 a·

794 4363 933 4426 mantem;
948 4362 977 4415 et
989 4357 1181 4430 intelligentes
1193 4356 1375 4415 seineuarra-

793 4427 898 4502 biliter,
913 4429 976 4502 plus
1001 4445 1086 4502 quarn
1108 4427 1276 4502 semetipsos
1292 4427 1375 4487 illum
