2974 5040
236 446 274 499 bs
305 439 471 497 sucurritis
499 433 675 491 insiliis,
704 433 736 488 lll
764 435 923 492 rissloili
952 437 1079 496 boullll.
1233 445 1276 502 lis

50 551 175 624 scientia,
184 545 401 608 cuinondellcit
410 543 555 602 defunctio
565 557 633 624 pau·

49 624 175 698 pertalis,
198 627 300 680 contra
323 617 475 686 mundum;
493 615 633 696 munditie

51 696 196 763 castilatis,
209 699 309 750 contra
327 703 458 757 carnem;
476 689 633 762 fragrantia

51 769 194 834 virtutum,
211 773 309 822 contra
324 762 480 819 diabolum.

82 841 247 896 5Ciiiiisrus
262 854 296 892 ss
315 853 356 890 ius
369 851 403 890 ns
421 849 504 890 cauca
523 847 633 888 aaroni·

51 929 108 968 ruii.
119 940 153 953 -
164 911 236 966 Cum
250 913 346 964 autem
357 906 464 976 loseph
476 911 504 960 et
519 903 635 986 Nicode-

52 999 110 1040 mus
133 983 247 1038 luerunt
269 994 357 1050 prope
380 976 568 1033 crucifixionis
589 975 635 1031 lo·

51 1071 121 1122 cum,
147 1067 244 1127 genua
272 1053 418 1107 llectenles
443 1047 636 1104 adoiaierunt

52 1123 207 1182 [lominum.
225 1123 301 1191 Quos
313 1121 382 1178 dum
392 1118 462 1176 vidit
472 1123 575 1186 mater,
588 1134 636 1174 ro-

54 1198 137 1253 lenles
151 1197 296 1268 deponere
310 1207 413 1264 corpus
428 1191 489 1247 e'us
503 1189 636 1272 quasind‘e

52 1273 137 1325 morte
161 1280 339 1338 consurgens
358 1262 445 1335 paulu
460 1277 508 1320 um
535 1265 636 1318 rerunt

52 1331 638 1482 illlllllilailillllititliill

492 1447 499 1474 i

54 1489 146 1539 ierunt
160 1499 190 1539 se
208 1481 247 1538 ad
262 1478 462 1552 deponendum
479 1493 555 1547 eum,
571 1475 636 1548 qui·

55 1554 101 1610 bus
111 1554 170 1623 ipsa
185 1554 262 1626 quod
278 1555 392 1624 poterat
400 1549 581 1606 ministrabat
588 1547 637 1604 ad-

52 1625 190 1696 jutorlum.
213 1627 292 1682 Unus
322 1622 418 1678 claros
446 1621 483 1678 do
505 1619 637 1677 manibus

55 1699 187 1766 trabebat,
196 1697 274 1753 alius
286 1709 322 1751 ne
330 1709 433 1764 corpus
445 1693 560 1750 caderet
575 1707 637 1748 eiia-

56 1767 124 1824 nime
137 1767 309 1826 sustinebat.
323 1765 422 1822 Stabat
437 1763 526 1821 illaria
540 1764 637 1820 levans

56 1839 165 1896 brachia
183 1839 212 1896 iii
234 1839 345 1905 altum;
371 1841 399 1893 el
426 1837 494 1892 dum
518 1840 637 1908 tangere

54 1909 222 1979 convaluit,
242 1913 329 1982 capul
348 1913 376 1966 et
393 1923 494 1964 maniis
513 1908 572 1980 ejus
587 1907 636 1962 dc·

54 1983 198 2053 pendentia
207 1981 343 2038 trahebat
352 1995 438 2052 supra
446 1978 527 2034 triste
541 1983 637 2050 pectus

55 2069 140 2138 suum,
153 2059 181 2111 et
192 2069 282 2110 ruens
292 2052 322 2108 lu
335 2051 480 2122 amplexus
490 2055 516 2106 el
528 2049 636 2120 oscula,

55 2124 86 2180 de
109 2127 211 2183 Dilecto
234 2140 289 2181 suo
317 2125 414 2180 saliari
437 2138 495 2178 non
515 2127 636 2192 poterat,

57 2211 103 2252 nec
116 2196 177 2269 quis
188 2197 284 2268 ipsam
298 2195 423 2276 desuper
432 2193 637 2276 cprpnsdctra3

57 2266 117 2324 bere
132 2269 256 2326 calebat.
275 2267 401 2338 Corpore
415 2270 503 2346 igilur
524 2267 636 2347 Domini

57 2336 82 2394 in
101 2345 201 2397 terram
216 2340 362 2410 deposito,
379 2339 499 2394 Domina
512 2339 637 2404 suscepit

58 2417 133 2482 capul
151 2427 214 2468 cuni
237 2409 364 2482 scapulis
381 2407 440 2464 suis
463 2407 493 2464 in
515 2407 634 2481 gremio.

57 2481 213 2553 llagdalena
238 2497 308 2538 vero
336 2480 432 2552 pedes,
464 2480 539 2552 apud
565 2495 637 2552 quos

58 2552 117 2610 oliin
130 2560 240 2612 tantam
262 2551 384 2624 gratiam
409 2555 564 2610 meruerat.
582 2551 637 2608 Alii

57 2629 142 2682 autem
165 2629 365 2692 circumstant,
389 2627 419 2680 et
433 2639 531 2680 omnes
549 2622 637 2696 plan-

59 2699 126 2753 ctum
148 2713 287 2772 magnum
306 2711 392 2778 super
415 2710 480 2752 eum
505 2695 636 2764 laclunl;

61 2781 149 2825 omnes
163 2775 239 2826 enim
256 2768 434 2825 amarissime
447 2767 589 2840 plangunt
604 2765 638 2821 il·

63 2835 123 2908 lum,
139 2842 217 2913 quasi
233 2838 425 2912 unigenitum.
441 2839 522 2896 Unde
536 2839 636 2894 Ansel-

61 2924 136 2966 mus:
156 2933 170 2963 r
189 2913 247 2971 Sed
268 2911 361 2968 adbuc
384 2915 527 2982 exspecta,
547 2909 637 2966 donec

62 2981 152 3039 nobilis
166 2983 212 3040 ille
223 2981 346 3040 Decurio
361 2981 488 3050 venians,
504 2979 637 3038 extractis

61 3051 158 3123 claris,
185 3070 290 3112 manus
354 3053 461 3136 desque
488 3050 635 3109 dissolvat.

62 3121 120 3180 llide
141 3125 285 3197 quomodo
323 3122 483 3182 elicissimis
514 3123 638 3181 brachiis

63 3195 240 3267 amplectitur,
259 3212 354 3254 acsuo
373 3193 505 3277 astringit
518 3194 637 3277 pectori.

63 3265 132 3322 lunc
146 3269 236 3340 potuit
256 3271 299 3324 vir
315 3267 364 3324 ille
383 3267 578 3324 sanctissimus
595 3266 639 3324 di·

65 3351 120 3394 cere
146 3355 154 3394 i
179 3341 339 3398 Fasciculus
357 3340 494 3410 munla,
522 3339 640 3394 dilectus

65 3421 130 3464 mnu
139 3413 215 3478 ini'ln',
234 3415 310 3468 inter
323 3411 408 3467 ubera
419 3425 480 3466 mea
489 3425 638 3466 commoru-

67 3477 140 3536 uuir.
151 3483 238 3540 Cerne
247 3489 395 3553 praeterea,
406 3497 492 3554 quam
506 3479 638 3548 dulciter,

67 3563 141 3618 qoam
154 3553 306 3627 diligenter
317 3551 499 3610 beatissimus
514 3553 640 3610 Nicode-

67 3633 131 3690 mus,
146 3625 336 3682 sacratissima
350 3625 479 3682 membra
493 3625 555 3696 ejus
574 3629 639 3681 tra-

67 3695 116 3746 ciat
129 3693 230 3766 digitis,
247 3699 321 3754 lovel
339 3695 490 3769 unguentis
512 3713 520 3752 i
548 3717 562 3747 ii
579 3697 641 3752 liaec

68 3762 211 3823 anselinus.
230 3769 335 3826 Venias
359 3773 388 3825 et
414 3773 455 3836 tu,
482 3767 640 3836 carissime,

66 3831 165 3894 devitiis
177 3840 333 3912 gressibus,
342 3843 371 3896 et
381 3838 579 3912 spiritualibus
594 3855 640 3894 ac-

68 3905 191 3977 cessibus,
204 3913 241 3967 ad
262 3911 461 3984 deponendum
488 3909 641 3967 Dominum

67 3973 147 4034 ocum
160 3984 237 4039 laum
249 3983 283 4039 dc
297 3999 391 4052 cruce,
410 3989 438 4040 et
452 3982 488 4039 ad
501 3982 641 4054 plangen-

68 4047 126 4104 dnni
141 4066 203 4108 euin
222 4070 285 4112 cuin
300 4071 351 4112 sua
375 4053 526 4112 benedicta
541 4055 642 4123 Matre,

68 4121 92 4196 et
105 4117 164 4178 aliis
180 4123 226 4196 qni
250 4123 288 4182 ibi
304 4127 435 4194 aderaut,
455 4133 485 4182 et
502 4125 539 4182 ad
561 4141 643 4208 sepe·

69 4185 195 4272 liendum,
210 4201 238 4252 et
250 4197 306 4255 ella
328 4198 489 4256 iaciendum
510 4213 575 4270 quae
591 4197 644 4269 ipsi

68 4255 208 4322 laniabant.
224 4269 301 4326 Unde
321 4271 487 4327 Ambrosius
509 4288 517 4325 ε
540 4289 554 4323 tl
572 4267 646 4326 Veni

71 4333 95 4384 st
106 4337 134 4388 tn
147 4336 188 4392 rel
204 4353 279 4407 sero,
291 4340 336 4398 rel
350 4341 498 4410 nectarei
511 4355 648 4414 quacum-

71 4413 119 4468 liis
130 4403 217 4478 bara;
232 4424 409 4486 quacumque
420 4412 497 4470 enim
516 4414 588 4470 liora
601 4427 647 4470 ie·

686 542 773 614 neris,
788 545 883 602 lesum
905 543 1033 604 invenies
1056 547 1092 606 ad
1117 547 1277 624 suscipien-

687 616 754 673 dum
779 621 919 685 paratum,
940 633 992 674 nec
1018 619 1159 679 minorem
1185 623 1278 682 serius

686 687 866 746 venientibus
886 689 1047 748 mercedem
1074 691 1120 762 pia
1145 695 1277 770 largitata

687 759 854 816 solventem.
869 761 939 818 Nam
954 767 983 817 et
996 763 1044 834 qui
1062 765 1132 820 bora
1145 773 1275 824 seitave·

688 830 740 898 nit,
754 847 809 887 noii
823 839 867 888 est
877 833 1006 890 mercede
1017 833 1174 906 fraudatus,
1185 843 1213 894 et
1226 835 1276 910 qui

688 901 850 984 undecima,
863 903 1068 994 plenitudinem
1082 909 1219 966 mercedis
1230 925 1279 968 aa·

689 979 764 1102 till
778 975 1085 1116 ii'ilaeiiiilii'i‘ii
1104 983 1278 1124 idalii:

689 1134 849 1189 peromnem
860 1119 1181 1180 niodumi'iiinieiiloetin
1202 1128 1278 1195 inno,

691 1195 721 1246 iil
735 1192 785 1260 qui
798 1191 842 1246 liis
856 1207 916 1247 cuni
932 1194 1021 1249 dlulre
1035 1197 1084 1251 tua
1096 1201 1122 1251 el
1133 1197 1210 1266 aliis,
1227 1198 1278 1268 qui

692 1268 755 1317 lunc
771 1261 898 1331 aderant,
914 1279 1025 1336 corpore
1047 1267 1186 1332 interesse,
1203 1273 1228 1324 et
1247 1284 1280 1326 ca

691 1333 845 1401 (acernen
859 1338 957 1405 mei-ui,
972 1336 1049 1406 fideli
1062 1342 1153 1395 lanicii
1172 1341 1227 1397 base
1236 1355 1279 1396 eu·

692 1405 753 1460 dein
772 1411 860 1462 mente
881 1412 1064 1478 pertractans,
1081 1411 1162 1466 illum
1185 1412 1223 1467 ad
1243 1416 1279 1482 le,

693 1480 777 1533 Deum
786 1493 875 1534 meum
889 1495 939 1549 pro
951 1495 993 1534 nie
1003 1483 1164 1552 cincinnum
1174 1488 1200 1538 el
1210 1499 1280 1540 mor·

693 1555 780 1612 tunm,
792 1552 988 1620 compassionis
999 1552 1127 1622 affectum
1138 1558 1278 1626 experiar,

694 1637 772 1690 quein
789 1623 918 1678 innocens
930 1627 1018 1678 mater
1032 1629 1090 1692 tua,
1107 1629 1133 1682 et
1145 1629 1280 1696 penitens

694 1692 861 1762 Mandalena
873 1697 903 1750 in
915 1695 979 1766 ipsa
993 1697 1135 1753 Passionis
1148 1703 1202 1753 lua
1212 1699 1280 1754 bora

693 1769 844 1821 senserunt.
863 1766 896 1822 lli
911 1766 1075 1836 sciendum,
1093 1767 1169 1852 quod
1183 1785 1282 1842 quam·

695 1837 736 1892 iiis
754 1836 810 1892 ista
828 1836 969 1909 depositio
995 1841 1107 1896 Domini
1126 1841 1161 1897 de
1186 1857 1282 1912 cruce,

695 1924 752 1964 non
765 1908 851 1990 luerit
859 1908 913 1966 sibi
929 1911 956 1964 ln
967 1911 1168 1996 poennm‚qnia
1181 1927 1284 1986 corpus

694 1983 755 2037 erat
770 1995 911 2049 exanime,
925 1997 977 2036 nec
991 1981 1073 2039 lieret
1092 2001 1118 2040 ei
1134 1984 1164 2040 in
1179 1989 1283 2041 conlu-

696 2050 819 2119 meliam,
831 2051 882 2108 sad
898 2049 991 2122 potius
1007 2055 1035 2109 in
1049 2054 1226 2112 bonoremel
1239 2071 1284 2112 re·

697 2123 863 2191 verentium,
878 2122 1037 2194 praesertim
1052 2140 1116 2182 cum
1129 2141 1186 2182 non
1200 2125 1284 2184 fleret

694 2213 712 2250 a
728 2193 835 2252 ludaeis
850 2193 1044 2264 sarientibus,
1063 2196 1113 2254 sed
1139 2197 1283 2256 aderatis

695 2265 829 2323 fidelibus
851 2281 916 2322 eum
943 2267 1066 2324 mullum
1085 2267 1281 2341 diligentibus,

694 2337 752 2394 imo
767 2336 853 2394 etiam
866 2337 975 2397 Judaeis
989 2343 1018 2396 el
1040 2339 1094 2396 boc
1106 2339 1282 2413 dolentibus,

695 2409 770 2482 quod
786 2425 850 2466 cum
864 2415 946 2468 lanta
959 2410 1138 2469 solemnitate
1156 2413 1280 2485 depone·

696 2482 790 2549 batur,
804 2479 1003 2552 condiebatur,
1019 2487 1047 2540 el
1074 2481 1283 2556 sepeliebatnr3

694 2552 771 2610 istud
793 2557 889 2610 tamen
918 2555 1022 2612 lactum
1043 2553 1239 2628 depositionis,
1255 2555 1285 2614 iii

695 2641 726 2682 se
748 2623 831 2681 valde
855 2625 1017 2684 miserabile
1033 2625 1086 2683 luit
1101 2633 1128 2684 et
1143 2627 1282 2685 limenta-

695 2696 761 2763 bile,
775 2695 851 2764 quod
869 2696 1001 2755 videlicet
1016 2713 1118 2771 corpus
1128 2703 1215 2756 tantae
1228 2715 1279 2756 no-

694 2766 824 2837 bilitatis,
839 2771 1015 2827 tractabatur
1033 2775 1179 2844 tamquam
1196 2771 1279 2828 cadi·

695 2855 745 2897 rer
757 2838 822 2908 iile,
837 2839 902 2897 licet
917 2842 1077 2898 inveritate
1091 2843 1212 2899 cadaver
1224 2859 1282 2900 non

695 2909 789 2994 luerit,
805 2915 925 2994 propter
940 2909 1068 2994 divinum
1092 2912 1281 2994 suppositum,

695 2997 836 3110 illlata?
863 2982 1283 3126 li'llllllllllllall

697 3139 818 3196 posnam,
835 3125 924 3182 Beata
936 3129 1033 3182 tamen
1050 3125 1100 3182 Vir
1119 3143 1147 3196 o,
1163 3143 1229 3199 que
1243 3125 1283 3184 ibi

696 3196 805 3278 aderat,
828 3211 940 3266 poenam
959 3195 997 3252 in
1015 3196 1069 3252 boc
1094 3141 1169 3254 Facto
1195 3197 1284 3255 sensit

697 3281 860 3324 maximam.

732 3343 749 3406 d
764 3339 927 3396 Docnuairri
937 3353 1017 3395 noae
1031 3353 1209 3396 narosirioua
1222 3357 1286 3398 coii-

697 3427 775 3468 roais
794 3409 916 3478 Cniisri,
943 3426 1025 3467 ieros
1051 3427 1285 3469 conranninoiiis

697 3499 731 3538 er
745 3499 854 3539 omnio.
872 3511 904 3525 -
920 3481 959 3537 Ex
970 3483 1024 3538 lioc
1036 3481 1157 3540 articulo
1170 3482 1283 3554 deposi-

698 3553 783 3610 tionis
798 3551 910 3611 Dominl
925 3553 961 3610 de
972 3569 1066 3624 cruce,
1078 3555 1220 3614 habentur
1228 3555 1286 3614 duo

697 3626 877 3683 documenta.
887 3623 1020 3707 ¹Primum
1047 3631 1100 3694 est,
1118 3628 1195 3700 quod
1211 3627 1284 3685 lide·

698 3698 738 3754 les
751 3701 994 3754 communicantes
1007 3699 1062 3756 Cor
1083 3715 1115 3756 us
1128 3699 1238 3757 Domini
1249 3698 1286 3758 de

698 3769 793 3838 altari,
813 3768 1027 3840 aequiparantur
1053 3713 1109 3827 ifiis
1126 3770 1174 3843 qiii
1193 3771 1286 3845 ipsum

698 3840 892 3910 deposuerunt
910 3839 946 3898 de
961 3857 1054 3899 cruce.
1072 3841 1194 3900 Perinde
1208 3841 1285 3900 enim

698 3916 752 3981 est,
766 3911 824 3968 imo
842 3911 907 3983 plus
921 3911 1023 3969 Cliristi
1049 3913 1157 3986 Corpus
1172 3929 1285 3972 sumere

698 3983 733 4040 de
749 3998 800 4040 ara
813 3981 922 4050 altaris,
944 3985 1085 4056 quamde
1110 4001 1161 4044 ara
1182 3988 1285 4044 crucis.

699 4054 742 4112 llli
761 4053 838 4112 enim
853 4063 1025 4128 acceperunt
1039 4073 1105 4114 euin
1120 4055 1150 4115 in
1164 4056 1289 4116 brachiis

700 4133 728 4184 et
741 4125 888 4196 manibus;
905 4127 1013 4186 sedisti
1028 4133 1143 4186 sumunt
1154 4129 1183 4186 in
1197 4145 1246 4186 ore
1262 4131 1290 4184 ct

700 4197 845 4256 cordibus.
865 4231 891 4241 -
909 4199 1073 4258 Secundum
1087 4201 1288 4259 documentum

700 4275 755 4338 est,
773 4270 851 4342 quod
875 4274 903 4328 et
927 4287 981 4330 nos
1006 4271 1130 4330 libenter
1152 4273 1289 4329 debemus

702 4340 847 4399 Cbristum
861 4357 927 4400 cum
946 4343 1055 4416 loseph
1078 4343 1114 4401 de
1136 4357 1222 4399 cruce
1241 4341 1291 4398 de·
1358 4407 1361 4414 ,

702 4427 822 4484 ponere.
846 4413 988 4481 Quamdiu
1011 4413 1087 4472 enini
1107 4417 1239 4486 peccator
1263 4411 1293 4470 in
