2974 5040
272 485 280 500 ¹
356 459 398 515 bit
425 459 547 524 stilti,
577 459 609 512 tl
639 459 801 515 tisstott
829 462 961 516 bouill.

51 559 136 626 siam,
149 561 215 617 tcto
232 559 301 616 orbe
312 557 419 616 scilicet
430 556 639 630 terrarumqui

50 643 137 704 quatu
150 649 175 688 ir
197 631 327 702 partibus
345 636 466 697 constat,
495 629 640 700 dillusam,

51 711 78 760 et
91 703 120 759 iii
135 703 273 759 omnibus
285 703 327 759 eis
339 704 393 759 iem
406 701 534 774 partibus
547 717 640 772 mqua-

51 775 125 842 liter,
142 773 171 830 id
189 780 235 830 est
250 773 428 831 concorditer
447 773 638 841 distributam,

52 847 86 902 ad
112 862 188 918 quas
213 845 301 903 virtus
320 845 450 904 Crucillxi
470 845 640 918 expanditur

1237 457 1281 510 tot

698 561 803 620 Christi
817 561 917 620 dividit
933 567 961 618 et
978 558 1110 626 partitur,
1124 555 1172 630 qui
1187 554 1278 614 eccle·

697 633 755 690 sias
779 633 913 706 spoliare.
945 632 988 688 vel
1017 647 1065 688 res
1086 627 1279 704 proximorum

697 705 856 762 distrihere
872 703 1025 774 presumit.

735 799 765 849 ¹7
781 780 887 834 Divisio
914 790 1137 833 vssriiiertnoriuu
1153 773 1275 842 Curiisrt,

697 867 856 906 poenierim
870 867 904 906 sit
919 868 963 917 sii,
981 864 1063 903 ierus
1075 861 1274 902 couroauirio·

54 934 103 990 per
130 923 260 986 quatuor
283 925 377 987 partes
401 917 502 974 crucis.
532 915 640 973 Tunica
664 904 666 949 ⁴
696 919 1272 988 vismonitio-Videscrgoquomo-

53 1005 117 1046 vero
133 989 185 1046 itia
200 988 313 1057 sortita,
330 988 457 1046 omnium
474 987 594 1070 partium
605 986 641 1042 si·
695 993 732 1049 do
747 999 838 1049 vectes
854 991 957 1050 christi
972 991 1077 1048 dantur
1095 987 1125 1044 in
1144 987 1271 1060 praedam

53 1060 172 1132 gniticat
186 1059 338 1119 unitatem.
357 1077 420 1131 qiiae
436 1059 563 1117 caritatis
577 1057 639 1114 viii·
695 1063 834 1120 miltiibus
849 1062 921 1120 sicut
944 1073 1036 1119 vestes
1058 1060 1271 1116 interlectnrum

54 1133 114 1188 culo
128 1131 305 1189 continetur.
323 1132 350 1190 Si
371 1131 448 1188 enim
467 1133 571 1187 caritas
587 1147 640 1186 su·
664 1156 665 1189 i
695 1135 757 1192 dari
783 1138 876 1192 soient
896 1135 1062 1192 tortoribus.
1084 1133 1121 1188 Et
1139 1147 1196 1202 quo
1216 1129 1272 1186 duo

53 1203 223 1274 pereminet,
241 1210 270 1260 et
288 1219 374 1274 super
388 1202 485 1260 omnia
499 1207 641 1274 praecepta
663 1201 665 1251 i
695 1207 845 1264 docemur:
860 1207 995 1280 primum,
1008 1202 1151 1260 Passioni<
1166 1200 1270 1260 Christi

54 1285 112 1342 est;
130 1279 235 1332 merito
257 1274 352 1342 vestis,
371 1291 428 1347 qua
450 1274 639 1346 significatur,
663 1273 666 1323 ἱ
695 1277 863 1350 ignominia.
877 1277 907 1334 iii
921 1279 973 1334 hoc
993 1275 1069 1348 quod
1085 1274 1191 1330 nudum
1206 1288 1272 1330 eum

54 1347 174 1418 desuper
194 1352 328 1404 couteita
345 1346 519 1419 perhibetur.
540 1347 571 1401 Et
589 1345 639 1401 ati·
694 1349 907 1418 crucilitierunt,
923 1348 999 1420 quod
1019 1363 1076 1403 nuti
1092 1346 1124 1402 iit
1139 1344 1191 1401 nisi
1211 1343 1273 1400 vili-

54 1417 132 1486 didit,
151 1427 324 1491 pertulum.
343 1417 410 1490 quia
422 1433 506 1474 nemo
520 1417 581 1488 eius
597 1421 641 1474 est
695 1422 747 1478 bus
762 1423 905 1494 personis3
923 1419 1089 1484 secundum,
1109 1416 1274 1486 crucillgen·

55 1505 161 1561 expers,
183 1489 233 1562 qui
263 1487 406 1562 pertinere
430 1488 573 1546 invenitur
603 1487 639 1544 ad
695 1492 766 1549 tium
792 1491 923 1559 avaritia,
942 1491 1009 1562 quia
1035 1497 1128 1546 vestes
1157 1485 1273 1556 Christi,

56 1565 151 1628 totuin,
169 1577 188 1618 a
214 1577 275 1634 quo
295 1567 355 1618 tote
370 1561 509 1618 catholica
524 1565 641 1616 vocatur
695 1563 824 1635 quamvis
842 1580 943 1636 parum
964 1564 1101 1628 vaierent,
1116 1573 1215 1616 omues
1230 1564 1274 1614 ta-

57 1632 185 1689 Ecciesia.
204 1632 388 1696 inconsutilis
410 1643 506 1689 autem
526 1631 639 1700 dicitur,
695 1651 760 1692 meri
774 1635 828 1692 sibi
842 1641 1008 1719 rapuerunt.
1022 1631 1100 1688 Unde
1116 1632 1275 1700 chrysosto-

59 1718 93 1758 ne
105 1703 263 1775 aliquando
277 1705 439 1772 dissuatur;
461 1709 490 1759 et
501 1703 536 1760 ad
553 1717 640 1784 unum
695 1724 755 1764 miis
768 1707 805 1763 :ii
825 1706 958 1764 Dividunt
969 1700 1274 1830 vestimenta,3undiu

59 1777 193 1845 pervenit,
210 1775 281 1845 outa
296 1774 325 1832 in
340 1791 428 1832 unum
444 1790 544 1832 omues
559 1773 640 1831 colii·
695 1779 777 1836 vaide
792 1777 896 1836 vilibus
915 1783 942 1834 et
961 1774 1080 1848 abjectis
1094 1789 1157 1830 com
1178 1789 1274 1830 emna-

60 1846 153 1914 git·.in
171 1854 365 1904 sorteautem
387 1847 438 1904 itei
457 1849 639 1919 gratiacom·
696 1849 733 1906 tis
761 1851 803 1912 lit,
832 1857 860 1907 et
888 1849 959 1907 nihii
984 1849 1062 1905 aliud
1092 1844 1273 1902 habentibus.

61 1919 187 1976 mendatii
206 1923 265 1988 est,
288 1918 366 1990 quia.
386 1933 450 1976 cum
472 1934 535 1974 sors
551 1915 639 1974 mitti-

60 1995 110 2069 tiir,
122 2007 175 2046 rien
186 2007 322 2064 personae
334 1991 413 2062 cujus
426 2005 510 2062 quam
523 1990 565 2046 vei
583 2003 641 2044 me-

61 2059 127 2127 ritis,
140 2063 188 2118 sed
208 2062 323 2119 occuito
340 2061 448 2134 judicio
469 2059 518 2118 Dei
536 2059 564 2116 in
580 2059 641 2116 uni·

62 2137 113 2186 tate
127 2132 191 2190 iidei
207 2133 387 2190 conceditur.
404 2134 563 2189 Secundum
576 2133 641 2187 ilie-

60 2201 642 2274 magnamvestimentiChristisunt,qui-

62 2272 640 2353 biistegiturcorpusejus,scilicrtilccte-

62 2345 641 2419 sia:quatuormititcsquibusdivisasunt,

64 2423 177 2484 quatuor
190 2435 301 2491 genera
313 2416 461 2474 ho'miniim
473 2418 577 2490 quibus
590 2419 640 2474 da-

64 2491 160 2568 tasuut
175 2497 331 2562 precepta,
345 2489 451 2546 scilicet
465 2487 640 2561 :conjugati

63 2557 172 2630 viduati,
189 2561 314 2632 prceliti,
329 2559 466 2634 religiosi,
483 2576 533 2616 seu
548 2559 640 2616 conti·

66 2639 156 2712 neptes
173 2649 180 2689 :
196 2632 226 2690 bi
256 2648 357 2689 omnes
376 2637 508 2689 dicuntur
527 2631 641 2700 milites,

65 2703 233 2824 guindebent
247 2703 372 2761 militare
382 2705 505 2771 Christo,
516 2717 568 2774 per
577 2705 642 2758 obe·

84 2773 172 2831 ientias
195 2775 416 2849 perlectionem,
441 2790 498 2831 nou
523 2775 640 2842 mundo,

66 2855 110 2910 iter
122 2845 320 2920 temporalium
337 2861 475 2914 amorem,
491 2860 582 2916 neque
596 2844 641 2901 di-

65 2913 150 2986 nboio,
165 2933 216 2990 per
244 2924 427 2992 peccatorum
453 2915 641 2989 perpetratio·

69 2998 134 3042 uem.
151 2991 260 3048 tunica
283 2987 462 3046 inconsutilis
476 2994 504 3044 et
519 2986 642 3049 indivisa

68 3057 501 3132 estunitasecciesiasticausque
514 3057 544 3114 in
555 3059 641 3114 ltnem

68 3123 201 3209 dominre.
209 3134 279 3190 Sors
293 3147 357 3204 quae
372 3133 445 3188 banc
457 3129 580 3186 tunicam
592 3129 641 3186 uiii

68 3209 191 3271 assignat,
211 3220 272 3262 nou
294 3202 387 3272 atteri,
417 3201 524 3258 seilicet
550 3201 640 3271 iideli,

71 3283 120 3350 nun
144 3271 263 3345 inlideli,
291 3279 335 3331 est
364 3273 456 3358 gratia
486 3271 546 3342 Dei,
575 3288 640 3344 ques

71 3344 146 3398 etiam
158 3345 238 3418 buius
250 3345 365 3402 unitatis
373 3345 565 3418 integritatem
576 3359 641 3400 con-

72 3415 639 3491 servm.christiergoinnieaparuianon

72 3477 206 3566 luitised,
230 3489 302 3546 beni
325 3487 420 3556 hodie,
436 3485 560 3560 peccatis
581 3486 640 3544 eiii·

73 3556 202 3635 gentibus,
218 3559 323 3616 Christi
338 3559 435 3616 tunica
450 3557 640 3628 inconsutilis,

73 3625 170 3702 scilicet
184 3631 307 3688 Ecclesia
319 3629 455 3699 militans,
471 3645 557 3702 prave
570 3629 642 3686 scin·

76 3692 161 3778 ditur,
184 3699 321 3760 dissuitur
346 3707 376 3758 et
400 3701 533 3758 sortituri
560 3702 640 3768 Quod

75 3760 189 3825 Gentiles
205 3772 296 3830 lacere
310 3771 474 3842 uoluerunt,
489 3773 554 3841 boc,
568 3771 641 3844 proh

75 3831 165 3894 dolori
187 3843 338 3901 Christiani
355 3845 448 3901 lacere
467 3860 526 3900 non
540 3858 640 3899 vereri·

76 3906 134 3982 turi
149 3909 283 3994 scindunt
299 3931 363 3972 esui
387 3913 524 3984 heretici,
543 3919 642 3972 contra

77 3987 157 4055 iliam
166 3981 287 4043 diversas
299 3986 456 4044 sententias
464 3985 640 4054 indueeud0;

76 4049 195 4108 scindunt
208 4070 269 4114 eam
285 4057 360 4127 laici,
375 4058 544 4130 affligendo:
566 4071 642 4112 eam·

78 4112 185 4198 demque
196 4123 272 4206 'inter
286 4145 316 4186 se
328 4128 423 4186 clerici
436 4126 602 4196 sortiuntur,
613 4133 642 4184 et

79 4199 152 4264 ttius
163 4201 215 4252 erit
227 4213 289 4256 eant
300 4200 365 4257 dolo
378 4205 407 4257 et
418 4198 566 4257 lraudibiis
580 4213 642 4270 par·

77 4257 193 4322 liuntur:
208 4283 278 4327 tinus
291 4271 359 4328 dicit
372 4270 419 4328 hic
438 4278 491 4340 est,
507 4269 581 4327 alius
596 4269 641 4326 hic

79 4331 124 4384 lli·
138 4333 163 4414 0,
174 4335 273 4420 Christi
292 4342 399 4412 tunica,
417 4358 503 4415 quani
517 4340 642 4414 pessima

78 4403 115 4452 est
138 4403 233 4466 divisio
259 4415 324 4470 tuat
350 4414 527 4471 Vestimenta
555 4412 642 4470 etiam
667 4467 670 4490 2

696 1921 782 1989 Quasi
796 1922 873 1979 enim
891 1922 921 1978 iii
940 1921 1160 1985 dehonoratum,
1176 1923 1204 1974 et
1218 1917 1275 1974 ab·

693 1993 812 2076 jectum,
825 2003 852 2050 et
881 1991 1009 2048 omnium
1030 1988 1200 2045 vilissimum
1221 1987 1276 2044 hoc

697 2069 736 2120 ita
757 2064 910 2132 audebant,
933 2063 963 2119 iti
989 2060 1146 2118 latronibus
1168 2059 1274 2130 quippe

698 2133 767 2191 nihil
785 2133 960 2208 taieoperati
971 2137 1048 2198 sunt,
1059 2131 1108 2187 sed
1123 2130 1152 2186 in
1162 2130 1275 2188 Christo

697 2205 793 2263 omnia
808 2206 869 2263 ausi
885 2209 962 2262 sunt.
979 2224 993 2258 u
1015 2201 1086 2260 Dicit
1101 2201 1187 2258 etiam
1205 2203 1275 2257 The·

697 2281 816 2350 ophitus.
835 2277 912 2351 quod
927 2275 1046 2332 lorsitan
1065 2273 1162 2357 piures
1176 2287 1275 2330 eorum

697 2349 830 2421 egebant,
847 2349 889 2406 vel
906 2349 979 2405 lorte
999 2361 1089 2417 magis
1111 2344 1147 2400 ad
1170 2359 1274 2416 oppro-

697 2421 801 2490 brium,
822 2427 851 2478 ct
877 2437 910 2478 ex
938 2419 1060 2503 quadam
1084 2414 1201 2474 lascivia
1221 2416 1276 2472 hoe

696 2492 850 2550 iaciebant.
867 2493 954 2575 Quas}
975 2487 1179 2572 subsannative
1202 2486 1277 2544 dice-

697 2573 762 2621 rent
777 2581 784 2620 :
801 2563 874 2632 Quia
889 2563 941 2620 iste
956 2563 1027 2619 dixit
1049 2577 1080 2618 se
1098 2574 1208 2632 regem.
1223 2558 1275 2615 ba·

698 2636 816 2692 beamus
838 2633 943 2708 singuli
958 2631 1066 2706 aliquid
1080 2631 1115 2688 de
1129 2629 1275 2702 regalibus

697 2707 874 2764 vestimentis
889 2707 961 2789 ejus.
979 2707 1028 2762 Est
1041 2709 1135 2761 autem
1145 2700 1277 2759 miranda

697 2778 835 2850 patientia
846 2782 875 2835 et
888 2775 1062 2848 dispensatio
1073 2774 1275 2832 mierieordite

698 2849 862 2916 Salvatoris,
878 2849 927 2921 qui
950 2851 1022 2904 sicut
1045 2863 1137 2918 agnus
1152 2844 1276 2901 tonden-

697 2925 797 2978 temet
811 2919 987 2978 occidentem
1003 2933 1034 2975 se
1048 2934 1099 2976 suo
1110 2915 1215 2974 vellere
1229 2931 1275 2972 ve·

696 2991 743 3048 stit
758 3009 765 3062 ;
781 2989 821 3048 ita
835 3007 866 3048 se
881 2992 1032 3047 tondentes
1046 3005 1096 3046 seu
1119 2986 1275 3060 spoliantes

696 3067 726 3119 et
743 3063 904 3119 occidentes
918 3079 967 3118 suo
988 3059 1090 3118 vestitu
1104 3057 1227 3127 vestivit,
1244 3075 1274 3114 o·

697 3134 831 3190 stendens
845 3133 919 3216 quod
934 3131 987 3189 nisi
1004 3130 1061 3189 suis
1080 3131 1216 3203 exemplis
1231 3145 1277 3187 ve

697 3201 1273 3276 stirentur,ignominiosenuditeseorum

698 3281 773 3334 esset
785 3291 882 3332 coram
894 3273 983 3332 oculis
994 3275 1043 3330 Dei
1055 3277 1083 3329 et
1099 3274 1275 3355 Angelorum

697 3363 848 3419 apparens.
864 3348 902 3402 Ex
921 3347 975 3402 isto
992 3343 1113 3402 articulo
1126 3341 1276 3400 divisionis

697 3415 931 3476 vestimentorum
945 3415 1048 3475 Christi
1064 3415 1147 3488 plura
1164 3415 1276 3471 huben-

697 3497 746 3546 tur
761 3490 984 3547 documenta·
994 3486 1119 3544 Primum
1134 3491 1188 3556 esi,
1200 3485 1276 3558 quod

698 3562 820 3618 libenter
841 3561 977 3618 debemus
992 3558 1163 3632 participare
1179 3573 1274 3614 exem·

697 3633 745 3706 pia
760 3633 940 3701 Sanctorum,
956 3647 1020 3703 quae
1036 3645 1088 3703 per
1106 3631 1276 3688 vestimenta

698 3703 810 3762 Domini
823 3703 981 3775 signantur.
992 3705 1062 3759 item
1070 3705 1112 3758 est
1124 3703 1278 3758 documen·

698 3780 770 3842 tum,
795 3775 949 3832 secuudum
971 3777 1176 3844 Hieronymum,
1198 3772 1276 3845 qued

698 3843 880 3903 observantia
907 3845 1106 3902 mandatorum
1129 3846 1191 3912 Dei,
1211 3859 1276 3917 que

697 3917 783 3974 etiam
802 3932 854 3990 per
873 3919 1042 3973 vestimenta
1058 3915 1220 3989 signantur,
1235 3920 1278 3972 cst

697 3987 852 4046 dividenda
876 3986 951 4044 iuter
973 3987 1150 4044 Christianos
1178 4003 1276 4044 secun-

698 4061 763 4116 dum
775 4059 901 4116 diversos
913 4059 1060 4116 hominum
1071 4065 1171 4116 stitus.
1187 4091 1215 4101 -
1228 4061 1277 4116 Se·

697 4133 821 4188 cundum
837 4130 1039 4188 documentum
1058 4137 1111 4200 est,
1127 4130 1203 4204 quod
1221 4131 1279 4187 bo-

697 4201 1278 4274 numestdividerereliquiessanetorum,

698 4273 1280 4346 prodevotione,adeoruiiihonoremam·

697 4345 856 4418 pliaiidum.
871 4346 951 4414 Quod
965 4345 1042 4402 enim
1056 4344 1104 4402 isti
1118 4343 1281 4414 militespa·

698 4416 764 4488 gani
777 4417 905 4475 lecerunt
920 4415 1032 4474 Christo
1047 4414 1076 4471 iii
1093 4415 1279 4488 opprobrium
