3124 5038
195 368 242 425 200

198 476 261 536 sine
274 476 328 534 hoe
340 474 417 534 euim
432 475 622 534 fundamento
634 473 779 532 irustraflt

198 548 319 609 aliarum
331 547 465 606 virtutum
480 546 643 606 aedificium.
656 546 700 604 rel
715 563 780 603 cou-

196 620 324 680 structio.
343 621 423 678 Unde
436 636 490 677 nse
508 620 545 678 da
568 617 709 688 castitate,
726 633 779 676 neo

199 695 234 751 de
248 699 429 766 paupertate,
446 707 498 748 nec.
514 691 550 748 de
564 690 660 763 aliqua
676 689 779 748 virtute

199 763 243 822 rel
263 770 350 836 opere
367 763 507 832 confidas,
525 762 587 820 sine
607 761 778 820 bumilitate.

233 836 324 903 bQuo
348 851 433 892 ssusn
451 852 584 892 uuerenas
601 852 633 891 sr
661 851 781 892 rurnrurs

197 910 368 965 Mxooxssux
383 923 576 964 evanescamus
589 924 621 963 sc
637 923 781 964 xrosrona

198 995 331 1036 sosnosr.
343 1009 375 1019 -
388 981 471 1038 Venit
482 995 550 1051 ergo
562 981 654 1036 ituria
666 979 783 1047 liopda-

199 1052 272 1120 teaa,
287 1064 351 1106 rom
363 1048 426 1106 aliis
437 1050 558 1119 duabus,
568 1049 602 1107 ad
613 1049 782 1108 denuntian-

197 1122 265 1179 dum
274 1122 365 1178 bonos
377 1137 509 1179 rumores
518 1121 624 1179 Christi
634 1122 782 1194 discipulis

197 1192 327 1250 tristibus
341 1191 377 1250 de
394 1199 486 1252 morte
499 1192 623 1250 Domini.
645 1195 709 1250 ilaec
720 1192 782 1250 dies

198 1263 265 1322 boni
278 1263 367 1321 nuntii
379 1265 442 1334 luit,
453 1268 623 1321 annuntians
634 1263 675 1322 eis
690 1282 697 1321 :
711 1265 783 1332 Quia

199 1337 455 1406 uidiliominum,et
465 1339 531 1406 base,
545 1353 608 1409 quae
617 1336 693 1393 dicta
705 1340 782 1404 suut,

197 1408 273 1465 dieii
298 1409 378 1472 mibi,
397 1407 504 1465 scilieet
529 1413 558 1464 ut
582 1406 783 1464 annuntiarem

200 1477 288 1536 robis.
304 1479 436 1538 Mulieres
451 1495 521 1552 opus
536 1478 644 1536 iaciunt
659 1481 784 1552 Evange-

198 1548 562 1624 listrelactaequcdpostolae
572 1551 783 1623 Apostolorum,

200 1621 338 1680 festinant
349 1624 386 1680 ad
398 1626 625 1680 annuntiandum
638 1638 721 1680 mane
735 1621 784 1678 mi·

199 1693 383 1751 sericordiam
399 1693 523 1752 Domini.
539 1694 638 1752 Unrois
649 1693 724 1750 enim
736 1693 784 1765 qui

200 1770 278 1822 recte
296 1763 439 1839 intelligit,
455 1765 519 1822 aliis
538 1765 670 1823 nuntiare
689 1765 783 1835 debet,

199 1835 279 1908 Juxta
297 1834 368 1893 illud
388 1835 573 1910 Apocalypsis
593 1853 600 1892 :
621 1837 675 1905 Qui
692 1837 784 1906 ondit,

202 1908 304 1964 dieat:
334 1909 413 1966 Veni.
432 1908 512 1965 Unde
536 1924 588 1982 por
611 1905 706 1974 istam,
722 1924 785 1980 quae

202 1977 335 2036 omnibus
351 1978 404 2036 luit
422 1979 570 2037 sollicitior
588 1978 685 2038 videre
702 1978 784 2038 Cbri·

204 2049 241 2108 sti
258 2049 452 2134 sepulchrum,
466 2057 584 2126 propter
598 2051 674 2125 quod
692 2050 786 2108 Domi-

203 2137 257 2180 nus
272 2140 297 2180 er
320 2122 413 2196 primo
438 2124 579 2197 apparuit,
608 2122 786 2195 significatur

205 2192 340 2278 qualibet
359 2211 481 2267 persona
500 2196 535 2252 de
554 2194 716 2279 cognitione
739 2211 785 2252 ve·

202 2265 296 2324 ritatis
315 2265 418 2324 divinae
435 2267 517 2324 valde
542 2265 672 2336 sollicita,
688 2271 717 2324 et
733 2281 786 2339 per

202 2337 256 2395 boc
272 2343 398 2395 meretur
412 2337 524 2410 assequi
540 2336 741 2410 cognitionem,
756 2341 785 2394 et

203 2407 269 2466 talis
287 2408 373 2466 debet
390 2407 539 2467 cenarem
555 2407 683 2481 agnitam
706 2424 784 2465 nuu-

203 2479 277 2537 tiare
290 2478 366 2550 aliis,
381 2478 454 2537 sicut
477 2479 566 2536 bieria
580 2479 720 2536 nuntiavit
739 2479 784 2536 di·

203 2550 330 2623 scipulis,
346 2567 382 2606 ne
396 2549 432 2607 de
441 2550 606 2608 abscondito
618 2550 726 2608 talento
739 2551 785 2608 de·

202 2625 269 2681 beat
283 2620 385 2679 merito
398 2621 578 2694 reprehendi.
593 2623 672 2678 Unde
686 2621 727 2679 ait
738 2625 786 2680 lie-

204 2695 263 2752 clar
279 2715 294 2746 (ι
307 2695 338 2750 in
355 2709 389 2750 eo
404 2703 500 2750 autem
516 2693 593 2766 quod
607 2695 667 2751 baec
682 2693 785 2751 mulier

204 2764 499 2838 discipulistristum
508 2764 696 2824 resurrexisse
709 2783 784 2824 nuu-

203 2836 297 2905 tiavit,
313 2853 412 2895 omnes
422 2853 584 2904 monemur,
595 2837 784 2911 maximequi·

201 2909 254 2968 bus
269 2915 313 2968 est
327 2909 511 2968 commissum
531 2909 702 2981 predicandi
720 2911 783 2967 olii·

203 2981 278 3038 rium
306 2986 336 3039 ut
351 2984 374 3039 si
394 2982 462 3055 quid
486 2981 526 3039 eis
542 2982 653 3040 coeiitus
675 2983 782 3040 revela·

201 3058 263 3110 tum
278 3024 372 3124 luerit,
397 3053 523 3112 studiose
540 3053 674 3138 proximis
686 3053 783 3138 propi-

202 3129 293 3182 nent:
313 3145 327 3180 »
342 3125 404 3183 haec
417 3126 502 3183 Reda.
519 3126 783 3184 misericordissima

203 3197 254 3254 Dei
274 3196 376 3272 pietas,
396 3196 426 3254 in
445 3198 587 3267 hocloco,
603 3213 783 3270 ergasexum

201 3268 356 3327 lamiacum
371 3269 543 3328 declaratur.
560 3269 662 3327 Mulier
678 3271 782 3327 Resur·

200 3341 336 3400 rectionis
350 3341 452 3415 accipit
468 3344 590 3412 primum
606 3340 781 3414 mysterium,

202 3420 231 3471 et
246 3414 382 3471 mandata
393 3413 525 3482 custodit,
536 3418 568 3470 ut
577 3419 701 3470 veterem
711 3427 782 3484 prae·

202 3484 388 3543 varicationis
403 3500 531 3542 errorem
545 3483 684 3542 aboleret.
703 3482 781 3554 inde,

201 3557 359 3614 seeundum
374 3557 545 3626 (irenei-ium,
562 3553 679 3612 humaui
693 3569 781 3625 gene·

202 3627 243 3684 ris
257 3628 342 3703 culpa
351 3627 529 3686 abscinditur
539 3627 615 3684 uude
630 3625 779 3698 processit:

200 3698 305 3756 mulier
322 3698 352 3758 in
378 3699 511 3773 paradiso
534 3697 596 3756 viro
620 3697 782 3780 propinavit

200 3775 334 3853 mortem,
349 3787 367 3828 a
383 3772 532 3845 sepulchro
544 3770 646 3828 mulier
655 3769 722 3826 viris
734 3786 782 3826 au·

201 3847 346 3900 nuntiant
360 3841 463 3911 ritum3
478 3851 506 3899 et
516 3842 644 3900 dictasui
656 3841 779 3898 vivitica-

201 3911 272 3969 toris
286 3918 396 3983 narrat,
412 3929 475 3986 quae
487 3917 555 3972 olim
571 3911 710 3972 mortiferi
721 3929 780 3970 ser-

199 3983 293 4112 pentis
305 3984 393 4043 rerba
406 3991 582 4064 narraverat.
594 3984 705 4054 Mulier,
717 4001 781 4069 quae

211 4063 293 4114 uerat
304 4056 393 4128 janna
407 4061 519 4128 mortis,
539 4057 632 4129 prima
643 4059 781 4130 praedicat

199 4135 448 4196 resurrectionem,
465 4134 495 4184 et
513 4128 639 4185 ostendit
661 4130 780 4201 januam

199 4203 284 4270 vitae;
299 4217 332 4258 ac
346 4197 381 4270 si,
399 4199 556 4258 secundum
571 4201 704 4257 eumdem
717 4202 781 4257 Gre-

197 4277 316 4344 qorium,
333 4274 458 4330 humano
477 4273 574 4344 generi
592 4287 649 4328 uon
681 4273 778 4340 verbo,

200 4344 251 4401 sed
268 4346 355 4404 rebus
374 4346 512 4404 Dominus
537 4341 635 4402 dieat:
659 4345 700 4402 Uo
723 4359 780 4416 qua

519 368 672 423 SECUUUAE
699 367 817 422 itatis
845 365 947 420 UdPUT
974 361 1092 418 ixxitt

834 487 920 529 manu
937 470 1016 528 vobis
1035 469 1130 526 illatus
1149 473 1202 524 est
1222 471 1314 539 potus
1330 467 1442 538 mortis,

835 545 871 602 de
884 543 947 616 ipsa
961 541 1097 614 suscipite
1106 540 1253 612 poculum
1264 541 1346 597 ritae.
1364 541 1442 598 Unde

835 618 1066 686 Aepustiuusri
1095 613 1322 684 Resurgeutem
1352 613 1441 694 ileum

835 687 946 762 priores
961 685 1074 742 leminae
1093 683 1250 756 apostolis
1279 690 1442 742 nuntiare-

835 763 922 830 ruut;
939 757 1079 816 nuntiavit
1095 759 1156 814 viro
1175 773 1234 813 suo
1255 763 1385 813 mortem
1403 756 1443 812 le-

836 831 916 888 mina
942 831 972 887 in
990 827 1135 902 paradiso,
1162 830 1387 885 nuntiaverunt
1416 833 1443 884 et

837 901 950 960 leminae
977 903 1098 959 salutem
1124 898 1200 956 viris
1224 899 1258 956 in
1287 897 1440 966 Ecclesia;

838 973 1085 1032 Resurrectionem
1096 973 1166 1029 lesu
1177 969 1298 1028 Cbristi
1313 969 1441 1043 Apostoli
1529 983 1530 990 ¹

838 1051 920 1103 erant
934 1043 1073 1103 Gentibus
1090 1042 1274 1112 nuntiaturi,
1296 1041 1441 1116 Apostotis
1529 1081 1530 1132 ἒ

839 1117 951 1175 leminae
964 1116 1175 1174 nuntiaverunt.
1192 1135 1210 1167 a
1227 1113 1316 1172 Unde
1332 1119 1361 1171 et
1373 1116 1440 1170 Am·

839 1191 966 1246 brasias:
989 1211 1000 1240 ι
1026 1187 1102 1246 Sicut
1117 1188 1144 1244 in
1164 1186 1321 1271 principio
1337 1184 1440 1244 mulier
1529 1187 1530 1192 ’

839 1271 938 1320 auctor
952 1260 1041 1334 culpae
1056 1263 1116 1316 viro
1135 1259 1202 1328 luit,
1222 1259 1272 1316 vir
1287 1262 1439 1340 exsecutor

839 1332 946 1391 erroris
959 1351 966 1403 ;
980 1332 1019 1389 ita
1032 1347 1108 1388 nunc
1118 1347 1182 1404 quae
1196 1336 1333 1388 mortem
1347 1345 1438 1402 primo

839 1409 1013 1479 gustaverat,
1028 1403 1280 1460 resurrectionem
1301 1417 1385 1475 prior
1399 1400 1437 1456 ri-

840 1477 891 1544 dit,
909 1477 998 1548 culpae
1015 1475 1117 1532 ordine
1133 1475 1223 1532 simul
1251 1479 1282 1532 et
1310 1471 1437 1531 remedio

840 1549 940 1624 prior;
956 1552 985 1605 et
1003 1564 1039 1605 nc
1065 1546 1195 1619 perpetui
1228 1550 1335 1602 reatus
1364 1543 1436 1617 apud

841 1623 916 1678 viros
946 1621 1131 1702 opprobrium
1164 1618 1345 1680 sustineret.
1376 1631 1437 1688 quse

842 1692 954 1762 culpam
966 1707 1026 1748 viro
1041 1689 1253 1759 transfuderat,
1285 1689 1437 1746 transiun-

842 1763 884 1821 dit
893 1762 1062 1835 etgratiam,
1074 1762 1240 1834 veterisque
1251 1761 1436 1843 lapsus-com·

843 1842 941 1908 pensat
955 1849 1123 1902 aerumnam,
1141 1840 1377 1891 resurrectionis
1391 1846 1435 1886 m-

843 1905 927 1964 dicio.
945 1908 999 1964 Per
1014 1922 1046 1963 os
1059 1904 1188 1962 mulieris
1196 1921 1282 1963 mors
1292 1913 1363 1962 ante
1374 1917 1436 1976 pro·

843 1983 976 2050 cesserat,
991 1994 1043 2050 per
1057 1993 1088 2034 os
1107 1977 1240 2034 mulieris
1270 1975 1334 2033 rita
1352 1988 1433 2046 repa-

842 2056 931 2108 ratur.
955 2051 1031 2107 Unde
1053 2051 1139 2106 etiam
1160 2050 1261 2106 Beda:
1280 2068 1295 2103 a
1312 2049 1335 2105 0
1351 2058 1434 2117 quam

842 2122 938 2180 felices
953 2121 1079 2190 lemine,
1101 2136 1165 2193 quae
1179 2120 1368 2194 triumphum
1383 2118 1433 2174 lie·

843 2193 1028 2252 surrectionis
1053 2192 1159 2250 mundo
1188 2195 1368 2250 meruerunt
1385 2202 1433 2245 aa·

842 2265 987 2335 nuntiari3
1004 2281 1037 2322 ae
1055 2264 1166 2335 mortis,
1181 2280 1273 2336 quam
1298 2265 1359 2320 Eva
1374 2275 1431 2318 ser·
1529 2287 1530 2300 ι

842 2337 958 2410 pentina
971 2337 1059 2396 aliato
1074 2337 1193 2394 seducta
1204 2333 1365 2399 contraxit,
1378 2331 1430 2388 im·
1529 2319 1530 2388 l

841 2409 952 2482 perium
965 2409 1125 2481 disruptum
1138 2409 1300 2479 praedicare
1317 2406 1324 2464 l
1342 2406 1430 2473 Quan-

841 2487 870 2537 to
890 2481 1028 2538 feliciores
1054 2479 1157 2537 animae
1174 2479 1307 2538 virorum
1324 2474 1430 2551 pariter
1529 2497 1530 2556 q

842 2557 869 2609 et
882 2551 1065 2622 laminarum,
1081 2558 1224 2624 quotquot
1239 2553 1270 2608 in
1286 2549 1336 2609 die
1353 2545 1427 2632 judi·

841 2622 888 2692 cii,
902 2624 1045 2696 percussis
1056 2639 1162 2696 pavore
1171 2639 1203 2680 ac
1215 2624 1309 2696 digna
1323 2621 1429 2678 ultione

841 2694 980 2768 reprobis,
993 2695 1063 2769 ipsae
1085 2694 1191 2752 roelesti
1205 2695 1303 2768 gratia
1326 2693 1427 2764 adiuta

840 2768 1016 2840 triumphare
1027 2767 1170 2840 demorte,
1182 2774 1209 2825 et
1217 2765 1359 2841 gaudium
1367 2765 1428 2820 baa·

840 2839 1423 2897 taeresurrectionismeruerintintrare:¹

841 2912 902 2970 haec
913 2911 997 2969 aeda.
1012 2914 1056 2980 Et,
1072 2910 1139 2984 quia
1152 2911 1346 2968 constantiam
1358 2921 1425 2980 prae·

841 2983 954 3041 dicandi
976 2999 1033 3040 nou
1050 2983 1136 3040 babet
1150 2999 1234 3041 sexus
1257 2979 1382 3040 interior
1399 2979 1424 3034 et

840 3056 877 3113 ad
892 3055 1101 3126 exsequendum
1115 3053 1271 3126 infirmior,
1288 3062 1318 3112 et
1329 3048 1425 3109 mulie·
1529 3061 1530 3078 ¹

841 3127 920 3185 ribus
936 3127 1037 3184 docere
1052 3129 1080 3184 iu
1092 3127 1213 3184 ecclesie
1228 3144 1288 3184 non
1311 3119 1424 3199 permit·

840 3203 921 3268 titur,
940 3199 1093 3256 mandatur
1106 3197 1175 3255 viris
1198 3199 1327 3257 officium
1343 3207 1424 3276 evnan-

840 3269 990 3342 getizaudi.
1006 3269 1056 3327 liic
1073 3275 1169 3328 autem
1184 3270 1298 3328 nundat
1311 3266 1421 3348 mulier,

837 3343 898 3414 jam
913 3357 971 3398 non
984 3348 1017 3398 ut
1029 3342 1142 3412 muler,
1158 3342 1209 3399 sed
1220 3346 1249 3398 ut
1266 3341 1420 3400 Ecclesiam

840 3418 961 3484 gestans.
983 3414 1069 3471 Recte
1093 3430 1206 3487 quoque
1233 3415 1297 3472 baee
1323 3407 1422 3469 mulier
1529 3449 1530 3458 ,

840 3501 903 3557 quae
917 3483 1046 3541 letitiam
1062 3485 1216 3543 Dominicae
1232 3477 1420 3544 Resurrectio

838 3555 883 3613 nis
902 3555 995 3639 prima
1016 3556 1166 3628 nuntiavit,
1194 3557 1303 3614 scilicet
1327 3553 1420 3632 sauci?

839 3629 928 3685 bieria
939 3627 1117 3698 magdalena,
1131 3646 1147 3685 a
1161 3636 1271 3700 septem
1286 3629 1419 3706 damqnt·

838 3701 902 3768 bus,
918 3698 947 3756 id
959 3705 1002 3757 est
1013 3698 1155 3758 universis
1169 3700 1245 3760 vitiis
1259 3706 1288 3758 et
1301 3697 1419 3772 crimini·

838 3773 891 3829 bus
905 3778 1006 3829 curata
1019 3787 1082 3828 esse
1109 3778 1295 3843 memoratur,
1321 3776 1352 3828 ut
1373 3765 1418 3822 ubi

838 3843 995 3901 abundavit
1010 3849 1170 3914 peccatum,
1186 3839 1416 3918 superabundare

838 3914 1165 4042 gretiamonstraretum
1181 3923 1209 3973 et
1223 3915 1415 3989 nequisquam

858 3985 923 4058 igne
938 3989 1079 4056 poeoitens
1092 3987 1128 4044 de
1146 3987 1230 4044 venia
1247 3987 1416 4044 commisso-

839 4075 901 4114 rum
912 4059 1087 4130 desperaret.
1109 4057 1211 4116 videns
1225 4075 1288 4117 eam
1304 4073 1364 4132 que
1378 4053 1415 4131 tql

838 4135 899 4186 erat
916 4129 1030 4188 subdita
1044 4127 1131 4199 vitiis,
1146 4131 1176 4188 iu
1198 4137 1307 4189 mnium
1326 4129 1415 4205 cutm}-

838 4200 881 4257 nis
895 4201 989 4258 subito
1017 4216 1079 4258 esse
1102 4209 1274 4274 promotam.
1303 4211 1332 4260 ut
1352 4200 1413 4281 ipsis

838 4271 1025 4344 Evangclrstis
1054 4277 1139 4344 atque
1163 4274 1305 4347 apostolis
1330 4279 1414 4347 prima

838 4343 1006 4403 miraculum
1027 4345 1254 4405 Resurrectionis
1278 4338 1413 4415 evangele
