3104 5034
587 459 625 512 its
658 455 769 514 titilus
797 460 920 517 btttnl.
1326 460 1372 518 ²8³

144 560 280 632 operibus
292 564 375 634 meis,
389 579 439 635 per
450 569 578 624 sanctam
592 581 625 622 ac
644 564 730 622 coele·

145 639 220 690 stem
240 635 494 696 conversationem.
514 639 547 694 Et
562 638 623 694 haec
637 637 732 694 landis

145 705 239 764 iacula
262 723 313 765 sua
337 708 440 766 virtute
472 725 572 766 omnes
599 708 732 766 inimicos

145 777 278 849 repellat,
294 780 415 852 gratiam
436 787 548 852 augeat,
564 781 652 838 tinem
667 781 731 838 bea·

144 855 207 906 tum
235 851 374 920 obtineat,
404 858 434 910 et
466 853 587 924 gloriam
614 857 730 910 aeteruae

145 921 333 980 beatitudinis
348 925 486 1006 acquirat,
513 933 544 980 ut
567 922 634 981 tlnis
648 924 732 996 hujus

144 995 423 1064 temporalislaudis,
438 999 474 1052 sit
488 993 601 1052 initium
616 999 731 1053 aeternae

144 1063 237 1122 laudis
254 1067 353 1138 patriae
368 1067 501 1124 coelestis.

183 1139 253 1193 5Ur
277 1141 349 1195 Dsus
365 1157 397 1195 er
413 1141 445 1195 D.
463 1141 495 1196 N.
520 1141 546 1196 J.
576 1141 606 1199 G.
634 1157 731 1199 usurus

144 1225 419 1278 mansionaribus
439 1229 456 1268 a
476 1227 606 1268 remonis
619 1231 733 1270 ussiss-

145 1297 216 1336 asne
231 1299 263 1336 sr
277 1299 329 1338 nos
347 1299 432 1338 cunin
447 1299 563 1339 conseri
591 1301 731 1342 iiiiiiscsiie

146 1369 277 1411 oanesus.
294 1356 373 1410 -Ut
394 1359 489 1410 autent
504 1355 540 1411 ad
555 1356 604 1413 Dei
618 1357 731 1414 laudem

145 1425 320 1497 provoceris,
333 1427 477 1494 abstrahe,
489 1443 596 1498 quaesn,
606 1435 731 1485 mentem

145 1503 224 1553 tuam
241 1513 258 1554 a
272 1497 403 1567 terrenis,
420 1502 449 1553 et
462 1497 524 1556 leia
543 1499 657 1556 samad
673 1515 729 1556 coe·

145 1567 239 1637 testie,
263 1573 322 1626 toto
342 1573 444 1626 conatu
469 1584 524 1642 quo
550 1571 673 1643 poterim
697 1587 730 1629 ac

147 1640 296 1698 considera
332 1641 474 1712 quomodo
503 1641 579 1700 illius
610 1643 732 1700 coelestis

148 1711 235 1770 curiae
259 1711 332 1769 cives
351 1711 539 1782 delectantur,
553 1714 687 1787 jubilant,
703 1719 732 1772 et

148 1787 287 1841 exsultant
310 1784 339 1840 in
361 1785 417 1842 Deo
432 1785 584 1855 continue;
603 1785 730 1856 singulo-

149 1871 268 1928 rumque
282 1855 387 1938 gaudia
399 1871 607 1926 rememorans,
616 1857 731 1916 tandem

169 1933 233 1984 rout
278 1934 375 1997 eteris,
400 1933 428 1984 rt
453 1929 636 2002 permitteris,
662 1929 731 2002 ipsis

148 1944 312 2082 fetantigus
326 2004 354 2056 et
367 1999 556 2072 Jubitantibns
573 2007 601 2058 ts
619 2002 730 2074 ingere,

148 2077 177 2130 et
193 2071 330 2130 immisce.
347 2074 477 2130 Exclama
492 2089 560 2144 ergo
580 2075 665 2131 corde
681 2081 731 2130 to-

149 2151 188 2212 to,
203 2149 231 2200 et
248 2143 294 2200 die
314 2159 348 2200 ex
368 2143 478 2202 intimis
502 2161 566 2202 cum
584 2147 730 2202 dnselmoi

150 2235 164 2268 r
178 2217 253 2273 Deus
266 2231 357 2284 meus,
372 2213 441 2287 quid
453 2217 563 2286 melius,
575 2219 643 2290 quid
656 2234 732 2275 airia-

148 2285 233 2344 bilius
256 2291 285 2344 te
308 2287 445 2344 estimavi
467 2294 685 2360 superterram,
701 2297 733 2347 ut

147 2359 344 2416 abstraherem
359 2375 407 2416 cor
422 2375 545 2418 nicoma
558 2367 598 2432 te,
611 2363 648 2419 ad
664 2377 732 2418 con·

149 2430 351 2504 cupiscentum
383 2431 538 2504 quidquam
567 2433 596 2490 in
627 2433 732 2491 mundo

148 2503 256 2574 absque
276 2503 327 2560 te‘t
350 2504 406 2560 Cur
428 2507 539 2562 amavit
554 2507 646 2574 Quare
666 2522 733 2562 con·

148 2573 241 2646 cupiri
262 2573 293 2631 in
316 2576 393 2632 omni
416 2574 552 2633 ciramea
566 2577 732 2650 quidquam,

148 2651 254 2718 praeter
264 2651 292 2702 te
305 2648 400 2704 lesum
414 2649 503 2704 Deum
516 2653 630 2706 meum?
641 2651 733 2718 Quare

149 2717 265 2774 distuli?
283 2720 340 2776 Cur
357 2718 496 2776 intermisi
522 2720 581 2778 ullo
605 2727 732 2794 tempore

150 2795 188 2858 tc,
209 2792 316 2859 olesu,
330 2806 443 2848 versare
459 2795 486 2847 in
508 2793 605 2861 corde,
623 2799 651 2849 te
674 2799 734 2849 tota

149 2869 245 2917 mente
266 2861 408 2934 amplecti,
432 2869 461 2919 et
481 2863 616 2921 delectari
637 2863 665 2920 in
685 2873 733 2920 tua

150 2932 319 2990 dulcedine?
333 2935 388 2991 Cur
403 2951 459 2990 uon
476 2935 572 2991 omnia
590 2935 732 2992 desideria

149 3019 213 3064 mea
229 3007 265 3064 ad
287 3011 316 3062 te
339 3005 486 3064 convertit
504 3008 564 3074 Quo
588 3007 732 3076 abierunt,

149 3079 262 3150 qiiando
281 3083 309 3135 te
325 3078 419 3135 solum
443 3094 499 3134 non
517 3077 659 3148 adierunt,
675 3095 733 3136 om·

151 3150 197 3207 nia
213 3149 350 3206 interiora
362 3149 480 3222 spiritus
492 3150 566 3207 mei?
575 3149 625 3207 Ubi
642 3167 732 3220 cram,

151 3224 263 3294 qnando
278 3227 371 3278 tecum
383 3229 476 3278 mente
491 3237 549 3279 non
564 3223 662 3280 eram‘l
673 3226 732 3290 Quo

150 3295 458 3366 detliiierunt,quando
472 3310 529 3350 non
542 3301 569 3350 te
578 3295 668 3351 solum
685 3296 732 3351 ha·

139 3367 272 3428 ‚buerunt
284 3365 426 3422 desideria
436 3367 524 3422 meai
538 3369 600 3423 tani
617 3383 649 3422 eii
666 3367 730 3430 hoc,

153 3453 229 3493 nunc
249 3436 344 3492 omnia
366 3437 507 3494 desideria
528 3438 690 3496 incalescite
705 3445 734 3495 et

151 3507 258 3565 altluite
271 3508 301 3564 in
316 3507 466 3565 Dominum
480 3511 594 3578 lesum3
617 3510 733 3580 currite,

152 3583 217 3652 quia
242 3579 311 3636 satis
334 3580 473 3637 hactenus
493 3581 646 3650 tardastis;
665 3598 732 3654 prn-

151 3655 259 3725 pcrate,
276 3668 331 3723 quo
350 3651 467 3722 pergitis
477 3669 485 3720 ;
503 3652 632 3734 quaerite,
648 3669 733 3724 quani

152 3721 733 3795 quaeritis:lesumquaerihsdazarenum

152 3794 329 3864 crucifixum
344 3794 472 3850 ascendit
491 3793 520 3849 in
543 3795 656 3864 coelnni,
678 3811 734 3851 non

152 3871 194 3922 est
208 3865 264 3922 hic.
283 3865 500 3922 Amantissimo-i
525 3865 635 3921 Domini
653 3863 733 3923 habi-

153 3941 192 3994 tat
206 3937 392 4004 confidenter,
411 3941 438 3993 et
458 3937 600 4007 tlagellum
616 3953 672 3993 non
688 3951 734 4009 sp·

152 4009 351 4080 propinquavit
365 4007 549 4065 tabernaculo
562 4011 630 4080 ejus.
646 4009 735 4079 Super

153 4079 330 4137 altitudinem
352 4081 500 4150 coelorum,
518 4095 604 4151 super
619 4095 734 4136 omnem

152 4152 344 4208 excellentiam
358 4153 543 4222 Angelorum,
556 4150 672 4224 propria
681 4151 735 4207 iir-

151 4227 209 4280 tutc
222 4224 361 4293 ascendit,
374 4221 567 4296 superantium
581 4222 735 4306 singularis

150 4293 260 4367 gloriae,
277 4311 294 4352 a
310 4295 416 4352 dextris
431 4295 480 4352 Dei
492 4293 648 4364 patrissui,
664 4309 735 4352 com·

151 4371 249 4424 ternus
278 4371 307 4424 et
331 4366 580 4424 consubstantialis
595 4367 686 4436 sedet,
707 4369 735 4423 et

150 4437 245 4496 divino
253 4437 377 4496 amictus
385 4437 501 4509 lumine,
511 4443 664 4496 coronatus
676 4438 735 4512 glo-

786 565 829 622 ria
852 573 881 625 et
899 569 1019 639 honore,
1034 575 1065 627 ut
1086 570 1167 628 decet
1187 569 1370 644 Unigenitum

786 638 847 708 Dei,
863 655 980 698 serenus
1000 644 1027 698 in
1043 642 1151 714 laetitia,
1168 643 1267 714 plenus
1291 643 1369 700 omni

787 715 943 780 potentatu,
959 713 1093 771 Dominus
1106 714 1135 770 in
1148 715 1218 772 coelo
1228 721 1257 772 et
1271 715 1300 771 iii
1314 723 1368 772 ter·

785 797 827 837 ra.
845 783 884 839 ltii
909 783 1031 842 adorant
1058 801 1122 843 euni
1146 802 1245 842 omncs
1267 785 1367 858 hogeli

786 854 909 924 Domini,
919 861 947 912 et
961 857 1095 914 uniuersa
1106 858 1255 914 multitudo
1264 857 1367 914 civium

786 926 908 983 coelestis
920 927 997 984 Sion.
1012 931 1043 985 ln
1057 929 1118 1001 ipso
1129 929 1303 986 unanimiter
1317 929 1365 985 lae-

786 1003 882 1054 tantur
904 999 1032 1056 omnium
1051 1001 1147 1068 corda,
1168 999 1197 1057 in
1213 1001 1276 1073 eius
1290 999 1368 1056 desi-

785 1068 904 1126 derabili
921 1071 992 1128 facie
1007 1072 1370 1141 pascunturomniumocu·
1428 1072 1433 1080 '

786 1139 805 1196 li
825 1141 992 1213 beatorum,
1008 1143 1037 1200 in
1053 1145 1144 1216 ipsum
1159 1143 1283 1216 undique
1296 1159 1364 1199 con-

786 1213 877 1269 tluunt
893 1214 1034 1272 desideria
1048 1216 1174 1273 omnium
1187 1218 1366 1273 Sanctorum.

785 1283 840 1354 lpsi
865 1285 980 1356 jubilat,
998 1286 1051 1359 ipsi
1062 1287 1219 1360 applaudit,
1235 1283 1263 1343 'et
1274 1286 1366 1358 ipsum

786 1357 950 1427 magnificat
975 1365 1034 1415 tota
1057 1359 1173 1416 uranica
1194 1360 1293 1416 civitas
1311 1357 1370 1430 glo-

785 1427 926 1500 riosa,per
938 1445 1052 1486 omnem
1066 1432 1182 1488 moduni
1196 1429 1224 1487 iii
1239 1429 1370 1501 splendo-

785 1498 863 1556 ribus
878 1501 959 1573 ejus:
974 1503 1094 1558 Ecsultu
1107 1509 1132 1558 et
1149 1504 1244 1569 teudo,
1262 1502 1370 1556 hobitu-

786 1574 823 1626 ti'o
842 1573 919 1640 Sion,
935 1575 1003 1644 patu
1024 1589 1140 1642 mugnus
1157 1576 1187 1630 in
1209 1573 1298 1628 medio
1327 1573 1370 1627 tiit

785 1644 903 1700 Sanctus
917 1647 1011 1700 lsrael.
1024 1647 1077 1702 Per
1089 1647 1179 1717 ipsum
1192 1643 1366 1701 centenade-

785 1713 842 1772 cies
858 1714 959 1772 millies
975 1715 1089 1774 millena
1108 1715 1242 1773 assistunt
1256 1715 1285 1771 in
1306 1727 1369 1771 san·

785 1785 895 1844 ctuario
920 1787 1030 1844 uranici
1057 1787 1166 1862 templi,
1189 1787 1370 1868 intendentes

785 1859 893 1916 vultiim
908 1859 1065 1932 majestatis
1082 1861 1159 1916 claro
1179 1867 1207 1916 et
1222 1857 1368 1940 intleiiibili

785 1931 856 1999 visu,
872 1947 906 1987 ac
918 1939 1107 2004 personantes
1129 1931 1308 1989 harmoniam
1325 1945 1370 1986 in·

786 2002 931 2060 cessabitis
949 2003 1057 2076 hymni,
1072 2003 1233 2075 ingloriam
1248 2003 1332 2059 trinae
1343 2005 1372 2083 et

787 2074 896 2146 simplae
911 2073 1077 2133 divinitatis.
1097 2077 1152 2132 Per
1170 2075 1263 2148 ipsum
1282 2073 1372 2130 millia

787 2147 908 2203 millium
925 2147 961 2203 ad
979 2147 1146 2219 complenda
1163 2145 1256 2203 Patris
1270 2147 1373 2218 myste-

787 2218 831 2276 ria
846 2218 933 2276 alacri
948 2219 1077 2276 discursu
1093 2218 1201 2291 jugiter
1215 2221 1312 2274 meant
1327 2215 1371 2274 in÷

787 2297 831 2348 ter
844 2289 947 2348 coelum
962 2298 990 2347 et
1002 2295 1119 2354 terrain,
1140 2287 1220 2362 quasi
1235 2303 1301 2361 apes
1317 2301 1373 2343 ne-

787 2361 904 2436 gotiosae
923 2360 999 2420 inter
1011 2363 1136 2419 alvearia
1151 2368 1179 2418 ct
1194 2361 1296 2428 tiores,
1311 2357 1370 2414 dis·

789 2439 925 2507 ponentes
952 2433 1048 2492 omnia
1079 2433 1225 2502 suaviter,
1250 2429 1371 2560 populus

788 2506 943 2576 accinctus,
960 2508 1089 2564 nescieris
1100 2505 1204 2576 labem,
1216 2521 1249 2561 ve
1272 2501 1370 2559 inobs-

788 2577 903 2635 dicntiae
917 2593 1037 2636 moram.
1049 2579 1104 2635 Per
1114 2579 1167 2634 hos
1177 2576 1280 2649 quippe
1293 2587 1370 2631 surii·

788 2667 835 2707 ma
847 2657 951 2708 nostrae
967 2649 1065 2707 salutis
1076 2649 1311 2707 administrantur
1326 2659 1372 2700 ne·

788 2722 875 2793 gotia,
889 2737 1057 2794 summeque
1075 2720 1189 2794 superni
1207 2718 1320 2777 concilii
1335 2716 1372 2798 ad

788 2809 840 2850 uns
855 2793 1021 2850 deteruntur
1035 2809 1156 2862 arcana;
1169 2807 1220 2864 per
1235 2794 1287 2847 hos
1297 2803 1371 2845 sani·

788 2871 861 2921 tates
876 2864 1039 2920 mortalium
1051 2869 1245 2934 procreantur,
1257 2877 1309 2934 pcr
1320 2861 1372 2941 hos

786 2936 943 2992 consistunt
971 2951 1071 3006 regna,
1086 2941 1117 2990 'et
1141 2939 1219 2989 stant
1248 2933 1368 3012 imperia

788 3005 896 3064 mundi.
909 3008 987 3062 lntei·
1009 3021 1079 3077 quos
1096 3005 1269 3077 praecipuum
1290 3017 1371 3057 novi-

788 3095 851 3135 mus
868 3077 1033 3134 Michaelem
1055 3075 1223 3148 signiferum
1248 3073 1373 3156 nobilem

787 3151 850 3208 coeli
867 3150 966 3217 civem,
987 3148 1034 3222 qui
1050 3155 1106 3204 stet
1118 3165 1169 3222 pro
1187 3147 1247 3204 acic
1265 3149 1314 3204 Dei
1329 3159 1374 3198 vi·

787 3222 889 3290 ventis,
904 3223 1059 3278 extendens
1076 3221 1249 3290 romphaeam
1264 3231 1373 3289 propii-
1433 3257 1437 3268 .

787 3293 941 3366 guntionis,
957 3307 991 3349 ac
1004 3307 1073 3348 voce
1084 3291 1207 3348 territicn
1218 3289 1370 3345 intonans:

788 3369 855 3434 Quis
866 3371 896 3421 ut
909 3369 990 3432 Deus,
1002 3379 1086 3446 super
1098 3379 1145 3420 eos
1154 3361 1245 3446 quieti
1253 3363 1372 3416 nilverso

789 3441 855 3494 sunt
881 3437 1021 3492 Exsultate
1036 3451 1065 3491 in
1081 3433 1170 3492 nobili
1182 3433 1252 3490 Filio
1268 3435 1370 3514 restro,

789 3525 842 3565 ios
864 3508 990 3564 illustres
1015 3506 1189 3564 patriarche
1209 3519 1297 3586 :quia
1320 3517 1372 3557 im·

789 3581 866 3653 pleta
877 3584 921 3636 cst
936 3581 963 3634 in
979 3596 1012 3635 eo
1031 3578 1124 3636 omnis
1139 3581 1308 3647 exspectatio
1325 3588 1373 3629 ve-

789 3659 847 3708 stra
876 3657 904 3706 et
931 3650 992 3722 ipse
1011 3649 1140 3708 sublimis
1167 3653 1210 3704 est
1235 3645 1328 3726 valde,
1346 3649 1374 3700 ct

789 3721 994 3781 benedicentur
1012 3721 1040 3778 in
1063 3721 1123 3797 ipso
1137 3725 1228 3776 vestro
1245 3717 1375 3798 videlicet

789 3796 898 3850 semiue
911 3809 1012 3849 omncs
1032 3793 1155 3860 Geiites;
1176 3789 1216 3846 sic
1231 3786 1373 3868 enimpot-

790 3865 882 3921 licitus
896 3873 939 3920 cst
953 3879 1047 3920 sermo
1062 3862 1185 3918 divinus.
1204 3861 1329 3917 Gaudete
1343 3873 1372 3914 in

789 3939 855 3992 Jesu
872 3936 1016 4007 Propheta
1031 3949 1146 4005 magno,
1160 3949 1210 3989 vns
1226 3931 1375 4003 Prophetae

791 4007 842 4064 viri
867 4019 983 4063 veraces
1005 4021 1011 4062 :
1031 4021 1098 4088 quia
1120 4005 1240 4062 mirilico
1263 4009 1292 4060 et
1318 4001 1376 4074 glo·

790 4078 865 4136 rinse
884 4078 1001 4151 impleta
1022 4078 1123 4134 videtis
1138 4075 1246 4145 omnia,
1262 4089 1324 4146 qnae
1339 4071 1375 4128 de

789 4150 851 4222 ipso
868 4149 1059 4206 annuntiastis
1080 4151 1108 4205 in
1131 4148 1237 4229 Spiritu
1261 4147 1374 4224 sancto,

790 4227 819 4279 et
833 4221 933 4279 tldeles
947 4221 1056 4278 inventi
1072 4219 1141 4278 estis
1155 4235 1206 4301 per
1229 4231 1324 4289 ipsunt
1345 4229 1374 4268 in

790 4294 898 4351 cunctis
917 4295 1096 4351 sermonibus
1119 4297 1231 4348 uestris.
1248 4285 1375 4344 Gaudete

789 4365 819 4422 in
842 4365 962 4422 Domino
976 4367 1042 4422 Jesu
1066 4379 1139 4430 niso,
1159 4363 1292 4439 Magistro
1322 4369 1376 4436 re7

791 4443 861 4508 stro,
876 4453 925 4494 vos
943 4435 1037 4506 inclyti
1057 4449 1188 4507 proceres
1205 4430 1280 4498 coeli,
1301 4428 1375 4484 beati
