3036 5042
259 419 295 470 Dll
322 416 427 472 PRIMO
454 415 697 484 consistente,
728 419 759 472 ll
786 419 949 474 rasslonu
976 421 1102 476 DOllllll.
1265 425 1292 476 lt

90 523 186 579 mortis.
200 521 468 590 Underluuostinuss
481 543 494 575 u
509 521 605 580 Timor
614 524 649 580 de

89 593 652 668 luturamortemeutemcoucutit,etqua-

90 664 110 720 si
123 665 290 722 conclavatos
303 681 400 721 omues
413 665 542 734 corporis
557 671 651 724 motus

88 735 213 808 superbiae
234 735 311 806 liguo
329 737 422 793 erneis
436 737 539 809 alligit.
563 758 576 790 o
596 738 650 795 ad-

86 806 121 862 dit
133 813 221 865 autern
233 807 366 865 Dominus
378 825 384 863 :
398 809 524 880 Spiritus
540 810 651 881 quidem

85 877 115 934 de
132 895 158 935 sc
169 885 196 935 et
209 885 309 936 natura
320 897 381 948 sua,
396 886 606 951 promotiome,
620 883 651 937 in

83 965 121 1006 me
131 955 157 1006 et
175 952 201 1007 iu
217 951 294 1009 vobis
306 953 342 1008 ad
358 950 571 1024 confitendum
588 969 651 1008 coro

84 1026 163 1077 eutem
184 1025 301 1092 infirmo,
325 1024 355 1078 lo
372 1020 462 1092 vobis,
478 1039 535 1080 non
557 1028 651 1080 autem

85 1092 108 1148 iu
121 1093 207 1161 moad
218 1095 414 1151 tolerandum:
427 1093 494 1164 quia
512 1111 579 1152 earo
591 1112 652 1152 eor·

84 1169 157 1246 rupta
170 1181 279 1238 semper
299 1163 443 1237 deprimit,
459 1170 487 1221 et
499 1166 652 1240 aliquando

84 1241 159 1292 vincit
172 1236 308 1306 spiritum,
319 1243 348 1294 et
362 1235 426 1292 idco
440 1243 483 1293 est
500 1239 650 1296 orandum.

82 1307 143 1362 Nam
160 1307 236 1380 quasi
255 1312 417 1381 promptum
440 1308 580 1366 habuistis
594 1309 651 1381 spi·

82 1375 167 1444 ritum,
178 1379 206 1436 iu
217 1379 411 1453 promittendo
419 1380 492 1436 mori
500 1381 585 1438 etiam
599 1397 651 1453 pro

81 1465 138 1518 me;
153 1451 284 1508 sednunc
296 1451 477 1524 paletcaruis
487 1452 650 1522 inllrmilas,

78 1521 111 1582 ad
126 1522 318 1580 sustinendum
343 1521 541 1582 imminentem
557 1530 650 1582 teuta·

81 1590 184 1674 tionem.
204 1595 271 1666 quia
286 1595 348 1668 ipsa
365 1593 500 1652 dormitio
515 1611 651 1668 corpora-

79 1661 109 1719 lis
125 1665 251 1724 indicium
268 1674 324 1736 est,
339 1671 368 1722 et
384 1669 465 1737 quasi
491 1666 652 1736 uraenunlin

78 1741 169 1814 vestrae
193 1737 391 1804 iufirmitatls3
419 1737 549 1796 noudum
575 1739 651 1796 euim

79 1812 168 1863 virtute
185 1826 215 1866 ex
232 1811 292 1867 alto
307 1808 399 1866 induti
420 1810 498 1869 estis.
519 1810 570 1867 Ubi
586 1813 651 1878 llic-

78 1895 195 1947 rooomus
213 1901 221 1937 :
238 1903 253 1934 a
274 1884 334 1938 lloc
349 1887 445 1944 autem
461 1882 595 1940 adversus
607 1888 650 1938 te-

78 1951 201 2032 morarios
220 1951 330 2010 dietum
354 1963 408 2027 est,
434 1956 493 2029 qui,
513 1952 653 2025 quidquid

78 2021 248 2095 crediderint,
266 2029 367 2096 putant
384 2045 416 2086 se
434 2025 568 2097 consequi
587 2041 651 2098 pos·

77 2107 113 2148 se.
128 2095 220 2168 ltaque
232 2101 373 2169 quantum
384 2101 420 2157 de
433 2097 537 2156 ardore
550 2095 652 2153 mentis

76 2165 244 2247 confidimus,
256 2174 371 2226 tautum
383 2173 418 2228 de
428 2167 581 2240 lrsgilitate
592 2183 652 2225 car-

75 2249 113 2291 nis
133 2242 283 2297 timeamus
310 2258 316 2298 :
346 2261 361 2291 »
381 2243 443 2299 hac
457 2243 648 2310 Hieronymus.

75 2335 102 2346 -
123 2310 169 2374 Te,
189 2314 317 2380 Domine,
340 2317 390 2382 qui
411 2313 553 2380 mandasti
578 2311 652 2382 quod

76 2380 212 2446 vigilemus
224 2389 251 2439 et
263 2399 382 2454 eremos,
393 2385 430 2441 de
443 2384 521 2441 nobis
531 2386 652 2451 gretiam

74 2451 106 2504 ed
117 2453 162 2508 boc
175 2455 357 2522 feriendam
375 2461 443 2528 quin
459 2458 522 2510 licet
534 2456 652 2526 spiritus

72 2527 288 2594 promptissimas
302 2529 351 2595 sit,
364 2545 427 2584 coro
441 2533 532 2584 temen
541 2527 653 2596 infimae

73 2596 116 2656 est,
138 2599 164 2650 et
183 2601 241 2653 toto
254 2600 343 2670 pigro
359 2604 385 2654 et
400 2604 458 2655 toto
471 2599 652 2664 somnolento,

73 2679 116 2719 aec
128 2673 215 2736 potest
229 2671 377 2735 sustinere,
392 2672 424 2726 ui
436 2673 486 2725 oie
504 2685 553 2741 per
569 2684 653 2724 onem

72 2734 160 2793 borum
170 2741 296 2811 perfecte
307 2747 395 2797 tecum
408 2741 517 2811 uigilet,
526 2744 552 2796 et
565 2743 654 2796 tecum

71 2813 133 2876 oret,
148 2827 182 2865 ne
195 2813 281 2868 sodet
297 2815 327 2867 io
340 2816 527 2870 tentationem.

102 2901 117 2950 7
132 2880 264 2940 Cnmsrus
280 2900 351 2940 oriar
365 2901 485 2941 sncuuoo
500 2899 532 2938 rr
545 2899 651 2938 rsamo.

71 2977 101 2989 ·-
116 2951 221 3011 Deinde
236 2957 339 3010 itesam
349 2955 545 3012 secundoobiit
555 2960 581 3010 et
593 2970 654 3009 ore-

72 3023 118 3090 tit,
134 3025 226 3082 dicens
242 3045 251 3081 ε
278 3029 361 3082 Peter
377 3030 427 3096 mi,
443 3029 468 3082 si
492 3043 546 3081 soa
565 3030 653 3098 potest

73 3091 112 3147 tic
125 3098 201 3152 colis
222 3101 346 3154 transire
371 3101 429 3154 nisi
449 3098 539 3153 bibam
560 3099 652 3164 iilum,

68 3165 114 3232 tet
126 3169 255 3226 uoluntas
271 3175 332 3226 tue.
349 3169 478 3227 Ostendit
493 3167 549 3238 hie,
566 3173 598 3224 ul
613 3167 654 3224 ait

69 3235 284 3306 stiventonae,
296 3243 434 3312 quoniam
446 3240 526 3297 valde
537 3255 654 3296 concor·

69 3303 113 3361 dat
123 3311 263 3369 voluntati
276 3313 337 3377 Dei,
350 3319 379 3370 et
394 3311 529 3384 quoniam
546 3311 653 3382 ubique

68 3376 135 3435 hanc
150 3383 231 3454 sequi
245 3389 361 3455 oporiet
371 3389 400 3441 et
411 3385 484 3440 hane
496 3382 652 3454 inquirere.

71 3447 156 3508 Vellet
171 3453 292 3524 quidem
306 3455 433 3512 transire
447 3454 575 3522 calicem,
586 3452 654 3524 quia

69 3519 653 3603 homoest;sedperllcitdispensationem,

72 3608 136 3658 outa
151 3596 230 3653 Patri
247 3597 385 3655 obediens
396 3605 449 3654 est.
461 3597 541 3654 Unde
555 3595 655 3652 aitLeo

70 3663 142 3746 Papa
167 3683 174 3722 :
199 3689 214 3720 ιι
238 3671 306 3725 llaec
321 3685 372 3726 vox
392 3669 496 3742 capitis
519 3667 594 3724 salus
612 3670 656 3724 est

68 3739 150 3793 tetros
164 3743 316 3809 corporis3
331 3741 394 3798 haee
408 3757 459 3798 vox
473 3755 572 3797 omnes
588 3739 655 3794 iide-

70 3804 108 3862 les
123 3810 271 3879 iustruxit,
286 3827 387 3868 omues
406 3812 588 3870 consessores
606 3825 655 3866 ac·

70 3879 654 3956 cendit,omnesquellartyrescoronavit.

69 3950 138 4006 llam
153 3955 219 4022 quis
235 3953 336 4010 mundi
354 3955 430 4025 odia,
444 3955 507 4026 uuis
522 3951 656 4010 tentatio-

69 4035 134 4078 num
150 4023 373 4098 turbinesque
387 4033 482 4098 posset
499 4029 658 4106 persecuto-

68 4107 129 4172 rum
142 4111 285 4177 superare
298 4103 434 4166 terrores,
452 4095 506 4153 nisi
527 4095 658 4154 Christus

68 4179 95 4219 m
109 4170 260 4236 omuibus,
279 4173 369 4241 cipro
380 4168 514 4225 omuibus
529 4166 606 4224 Patri
619 4165 658 4222 di·

67 4244 166 4318 seret:
184 4241 252 4294 rtot
269 4241 398 4296 notantes
424 4243 496 4295 tue?
513 4261 525 4292 o
543 4237 659 4320 Disranl

67 4311 658 4448 titillatalitlabltoltlttt

148 4477 219 4530 Vin
236 4479 303 4532 issu
320 4483 439 4541 Guursru
456 4495 542 4534 runos
559 4479 607 4530 lV.

707 525 786 596 cujus
799 525 966 584 tentationis
981 524 1132 596 incumbit,
1157 531 1291 598 superato

707 603 832 654 tremore
854 596 1026 668 formidinis,
1055 597 1197 672 accipiant
1223 600 1292 656 tole-

708 669 832 726 rantiam
851 669 1003 741 passionis
1026 672 1062 726 st
1084 673 1160 726 venit
1179 672 1292 734 iterum,

707 745 733 795 et
742 743 848 796 invenit
861 757 905 796 eos
919 742 1086 798 domaientes
1095 757 1153 813 prae
1163 740 1292 810 tristitia,

707 818 786 867 erent
811 814 883 868 enim
906 815 979 870 ocuti
1004 828 1097 868 eorum
1123 815 1247 882 grauati,
1264 817 1293 870 et

707 883 836 955 depressi
849 901 857 965 ‚²
874 882 1027 942 interiores
1041 881 1156 955 quidem
1171 884 1292 956 languo-

708 970 739 1010 re
753 960 872 1012 terrorrs
882 962 910 1012 et
920 953 1043 1012 tristitiae
1054 973 1062 1023 ;
1075 953 1231 1012 exteriores
1245 973 1292 1012 ve-

708 1042 739 1080 ro
757 1025 920 1096 vigiliarum
940 1025 1128 1098 longitudine.
1144 1028 1216 1084 Nam
1234 1026 1293 1084 tri-
1316 1045 1321 1052 ·

707 1095 793 1154 stitiae
801 1096 999 1170 magnitudine
1012 1113 1143 1155 somnum
1158 1114 1217 1155 uon
1230 1103 1294 1172 pot·

707 1173 791 1225 eraut
813 1167 940 1239 vincere,
954 1169 1086 1226 timentes
1099 1175 1225 1297 tuero
1245 1186 1296 1227 ca·

706 1241 777 1368 Rite,
794 1244 853 1296 turn
871 1255 925 1314 pro
942 1257 993 1312 se;
1009 1241 1059 1300 sed
1074 1239 1145 1298 sicut
1184 1243 1295 1298 ormis-

727 1316 778 1368 aut
793 1318 899 1380 mente,
916 1311 955 1368 ita
979 1315 1007 1370 et
1029 1328 1160 1384 corpore,
1177 1311 1243 1383 quia
1260 1330 1295 1370 ex

707 1387 823 1455 torpore
845 1384 960 1452 anima,
977 1385 1149 1456 quandoque
1164 1383 1296 1456 provenit

707 1469 825 1511 somnus
845 1463 954 1512 naturae
970 1472 977 1524 ;
995 1463 1020 1514 et
1047 1459 1089 1513 oit
1111 1457 1195 1512 illis:
1221 1455 1296 1522 Quid

707 1526 847 1597 domitis,
864 1525 975 1584 seilicet
993 1527 1023 1584 in
1039 1525 1127 1584 tantis
1148 1525 1293 1583 constituti

707 1596 852 1669 periculis,
873 1598 995 1655 sumsit
1017 1606 1130 1670 tempus
1144 1597 1293 1670 vigilandi,

707 1674 823 1742 propter
833 1668 1000 1727 instantiam
1015 1669 1192 1743 gravissimas
1204 1673 1297 1726 tauta·

706 1739 791 1796 tionis
804 1740 954 1814 vobisipsis
967 1741 1160 1798 imminentis?
1172 1743 1294 1810 surgite.

706 1812 1294 1890 atorporementis3oigitote,auivaigi-

707 1883 815 1952 lautia;
831 1890 860 1940 ct
875 1889 960 1954 orate,
984 1901 1018 1942 ne
1032 1888 1143 1941 intretis
1164 1887 1194 1941 in
1208 1889 1297 1940 tento·

707 1958 819 2024 tionem,
831 1954 939 2011 scilieet
952 1971 1004 2027 per
1015 1971 1196 2024 consensum,
1214 1955 1296 2012 idest

704 2031 743 2084 'ue
758 2026 881 2083 tentatio
900 2041 950 2082 vos
964 2031 1088 2097 superet,
1103 2033 1131 2083 et
1143 2025 1295 2083 iutrasuos

708 2113 803 2154 casses
816 2101 920 2154 teuent.
932 2101 979 2165 Et,
991 2100 1096 2153 relictis
1111 2099 1181 2166 itlis,
1194 2100 1296 2153 iterem

707 2170 779 2225 obiit
796 2175 821 2225 et
840 2171 932 2224 oravit
950 2172 1042 2237 tertio,
1061 2168 1182 2224 eumdem
1198 2184 1297 2224 ammo-

707 2256 768 2296 nem
782 2239 936 2309 orationis,
950 2240 1052 2302 dicens,
1066 2239 1174 2296 scilicet
1189 2257 1195 2296 :
1213 2243 1296 2296 Peter

707 2315 757 2380 mi,
772 2315 826 2367 ete.
845 2312 940 2368 Tertio
953 2310 1081 2368 Christus
1102 2311 1178 2367 idem
1191 2313 1294 2381 oravit,

708 2389 739 2439 ut
758 2381 896 2439 orationis
911 2382 1101 2454 frequentiam
1121 2383 1293 2453 ostenderet,

707 2461 736 2511 et
753 2453 836 2511 uobis
849 2453 910 2526 spei
924 2453 1169 2526 longanimitatem
1180 2455 1293 2512 exhibe·

707 2532 761 2582 ret.
776 2527 862 2581 lterat
874 2524 1042 2595 orationem,
1054 2525 1207 2582 ostendeus
1218 2526 1294 2652 Ἱυοά

708 2596 798 2654 oratio
815 2597 900 2653 debet
913 2613 977 2654 esse
992 2597 1145 2664 contiuua;
1163 2596 1227 2653 simi
1242 2601 1294 2653 lter

706 2667 793 2724 itcrat
805 2667 999 2724 visitationem
1008 2667 1213 2740 discipulorum
1226 2683 1293 2725 suo·

707 2755 780 2798 rum.
793 2739 860 2811 quia
874 2755 962 2811 opera
973 2738 1100 2796 caritatis
1110 2740 1215 2796 debent
1228 2755 1294 2796 ora-

708 2809 781 2866 tioni
791 2827 854 2867 esse
870 2812 1034 2882 conjuncta.
1044 2811 1077 2866 Et
1090 2809 1131 2866 sic
1145 2812 1296 2884 prelatum

709 2881 827 2938 iustruit
840 2888 868 2938 et
883 2883 937 2940 sibi
953 2889 982 2938 et
995 2881 1075 2954 gregi
1090 2882 1252 2951 intendere,
1268 2888 1297 2939 et

709 2969 785 3010 nune
806 2953 1069 3025 contemplativam,
1086 2969 1160 3010 nuuc
1175 2953 1296 3010 activam

708 3024 795 3081 vitam
818 3041 961 3081 exercere.
984 3023 1054 3082 Huic
1071 3040 1139 3081 vero
1164 3041 1222 3081 nou
1243 3026 1297 3082 ob·

708 3097 853 3167 stat,quod
865 3095 968 3152 dicitur
977 3095 1007 3152 iu
1016 3093 1211 3152 Ecclesiastico
1221 3099 1297 3154 :Non

709 3172 789 3224 iteres
810 3168 922 3222 verbum
950 3170 980 3222 in
1002 3170 1126 3222 oratione
1143 3171 1206 3232 tue;
1228 3166 1297 3237 quia

709 3238 757 3295 illa
783 3241 940 3295 auctoritas
966 3236 1006 3294 sic
1030 3236 1217 3308 intelligenda
1240 3242 1294 3306 est,

708 3327 762 3367 non
781 3313 872 3378 iteres,
893 3309 992 3377 idest,
1012 3309 1051 3365 ila
1068 3307 1106 3364 sis
1126 3307 1246 3381 diligens
1266 3309 1295 3365 iu

709 3381 885 3454 proterendo
903 3380 1014 3452 integre
1039 3383 1069 3450 et
1087 3379 1189 3436 devote
1207 3379 1295 3437 verba

710 3451 848 3511 orationis
863 3459 967 3522 tuae,ut
978 3459 1073 3524 postea
1087 3459 1202 3523 propter
1211 3451 1295 3508 omis-

711 3524 821 3582 sionem
842 3525 884 3580 vel
906 3523 1108 3596 negligentiam
1126 3539 1181 3578 non
1204 3538 1294 3594 opor-

710 3603 771 3654 teat
785 3593 907 3664 iterare;
924 3596 976 3652 sed
996 3601 1094 3652 tamen
1108 3593 1214 3651 iterare
1227 3609 1294 3667 pro·

711 3673 775 3740 pter
790 3667 981 3735 devotionem,
997 3665 1042 3723 vel
1055 3666 1232 3735 instantiam,
1247 3665 1297 3722 bo-

712 3755 779 3795 nurn
795 3743 849 3795 est.
867 3737 912 3796 Sic
928 3745 957 3794 et
972 3737 1106 3796 eumdem
1121 3751 1297 3806 sermonem,

712 3809 741 3867 in
765 3809 949 3882 praedicando
973 3807 1104 3880 diversis,
1124 3809 1231 3865 bouum
1255 3815 1299 3864 est

713 3881 887 3954 quaudoque
900 3879 1016 3937 iterare.

750 3957 766 4008 8
777 3953 1037 4009 Arruurrvoduosnr
1047 3954 1175 4010 Doummr
1187 3969 1303 4009 couren-

714 4041 819 4080 rnvrrs.
832 4023 867 4066 '¹-
881 4024 953 4080 Cum
965 4031 1060 4079 autem
1074 4031 1169 4082 oraret
1183 4029 1212 4080 et
1226 4023 1302 4080 auxi·

714 4101 812 4152 aretur
835 4097 971 4152 Dominus
985 4097 1080 4164 lesus,
1098 4111 1163 4152 ecce
1178 4095 1303 4168 Angelus

715 4168 847 4240 princeps
863 4166 981 4223 bliebael
994 4167 1084 4223 astitit
1098 4167 1261 4224 confortans
1274 4165 1304 4222 in

715 4255 749 4294 eo
778 4244 886 4296 motum
917 4237 1119 4300 sensualitatis.
1147 4239 1303 4294 seeundum

715 4327 799 4382 otram
821 4309 975 4367 minoratus
995 4315 1039 4366 est
1055 4310 1137 4381 paulo
1153 4307 1248 4364 minus
1266 4307 1302 4389 ab

716 4381 855 4454 Angelis,
884 4381 963 4439 illum
991 4379 1098 4440 scilieet
1121 4385 1230 4436 motum
1255 4395 1305 4452 qul

1208 4483 1223 4528 2
