3124 5038
224 431 379 494 QUOMODO
409 431 479 482 null.
509 427 671 482 illl’llltlll
700 429 811 483 UNDEG.
842 429 958 482 ulsbll.
990 431 1022 482 ll
1051 429 1175 492 tntilli„
1204 431 1270 484 ΜΤ.
1316 429 1362 488 2³9

134 543 165 595 nt
181 534 251 594 dicit
262 535 397 604 lacobus,
411 537 522 600 oportet
537 549 593 590 nou
609 537 721 590 tantuin

133 609 280 666 auditores
294 623 355 664 esse
374 605 461 672 vorbi,
475 606 524 661 scd
538 603 623 662 etiam
637 605 720 661 lecto·

133 697 197 748 res;
214 685 243 736 ct
267 679 313 750 qni
331 675 480 734 ollenileril
500 675 528 732 in
549 693 614 744 uun,
631 676 721 732 lactus

133 761 177 809 est
189 751 315 808 omnium
331 765 405 806 rens.
417 751 500 819 Congi
511 763 562 804 ons
572 759 615 804 est
629 747 698 804 nido
712 765 719 804 :

133 823 225 896 primo
236 826 311 878 euim
327 819 480 876 auditorio
494 819 549 875 lide
562 827 605 874 est
617 820 719 876 docen-

134 894 271 966 dus,quia
285 892 338 948 uisi
354 891 432 962 prins
448 891 531 946 fldem
544 890 641 948 anima
652 889 720 948 ruci·

134 966 204 1038 piut,
220 972 329 1021 nonest
342 963 453 1020 dendus
465 965 641 1033 Baptismus:
654 963 721 1018 Sina

133 1039 188 1108 Me
200 1037 275 1094 enim
293 1036 463 1106 impossibile
476 1042 515 1089 est
531 1036 637 1102 plaeere
651 1037 719 1100 lleor

133 1125 186 1166 nec
205 1111 280 1165 valet
296 1105 432 1178 baptismi
447 1104 606 1174 mundatio,
623 1103 644 1168 si
662 1122 719 1162 non

134 1187 271 1252 quantum
286 1185 378 1253 potest
395 1177 476 1235 bonis
495 1177 628 1249 oporibus
645 1176 720 1234 insi-

136 1257 193 1309 stat
209 1269 216 1308 ε
233 1253 311 1309 Sicut
334 1254 406 1306 enim
425 1267 455 1306 ro
492 1265 524 1305 ua
541 1252 601 1304 sine
618 1251 721 1321 spiritu

134 1329 270 1380 mortuum
281 1327 330 1385 est,
344 1325 386 1377 ito
400 1327 425 1378 et
479 1337 506 1376 es
518 1324 578 1376 cine
588 1321 719 1392 'operibus

133 1401 252 1451 mortuo.
268 1393 355 1466 Igitur
370 1399 481 1466 oportet
496 1393 593 1450 omnia
606 1407 720 1450 sciuare

133 1481 320 1538 quaecumque
338 1465 484 1522 mandavit
503 1463 574 1536 ipsc.

168 1543 184 1606 t
201 1540 316 1596 Cneirns
336 1553 423 1592 neorii
440 1553 571 1592 nniurnrr
589 1553 619 1592 ei
635 1551 720 1592 oliuu

132 1626 208 1666 riom
227 1625 426 1666 accerrimam.
444 1639 475 1650 -·
492 1611 650 1664 linientem
666 1608 719 1664 lino

132 1681 245 1738 videtur
266 1680 451 1752 impossibile,
465 1679 557 1736 solum
578 1683 672 1734 leniat
691 1683 720 1735 et

131 1751 273 1810 custodiat
299 1753 456 1808 caritatem.
480 1751 558 1808 Unde
581 1751 718 1819 dupiisti'-

131 1841 184 1880 nui
196 1843 205 1879 r
219 1845 233 1876 ii
251 1823 367 1880 Dileclio
383 1823 463 1879 tortis
476 1839 522 1880 res
536 1829 589 1889 est,
606 1827 716 1878 tratres.

131 1895 224 1952 Vultis
237 1896 332 1952 videre
344 1911 428 1966 quam
441 1894 478 1950 sit
492 1893 573 1950 tortis
585 1893 719 1950 dilectio?

132 1967 266 2040 Quisquis
283 1975 398 2039 propter
417 1967 542 2038 aliquam
563 1964 716 2022 necessita·

132 2043 190 2096 tem
207 2055 262 2095 non
277 2038 399 2110 potnerit
414 2037 541 2120 implere.
552 2038 627 2108 quud
637 2038 718 2108 jubet

132 2111 303 2174 [tensamet
318 2110 397 2166 illum
409 2127 458 2182 qui
473 2109 580 2181 impiet.
590 2115 618 2164 et
628 2108 656 2164 in
669 2108 716 2166 illo

132 2180 272 2252 implet.»
293 2184 324 2238 El
348 2181 451 2238 iterum
478 2198 485 2237 i
512 2203 526 2232 lt
551 2180 716 2237 Divinarum

133 2255 340 2325 Scripturarnm
366 2251 548 2324 multiplicem
569 2253 716 2308 abuudan-

131 2324 201 2381 tliim
220 2325 444 2396 latissimamque
468 2324 636 2390 loctunam,
655 2326 716 2380 sine

132 2397 191 2454 ullu
204 2413 302 2454 errore
313 2396 574 2469 coiiipi·rbendil,et
585 2395 645 2452 siue
659 2395 716 2452 ullo

131 2467 230 2526 labore
243 2469 375 2532 custodit,
388 2469 467 2540 cujus
483 2483 532 2524 cor
547 2469 661 2538 plenum
674 2473 717 2523 est

131 2540 259 2608 caritate,
270 2540 382 2597 dicente
398 2542 532 2612 Apostolo
550 2555 556 2594 :
572 2541 716 2595 Plenitudo

131 2627 195 2681 erno
208 2615 287 2677 Lenis
302 2615 414 2668 cautos.
431 2615 530 2668 'lotam
546 2609 717 2684 magnitudi-

131 2699 198 2740 nem
227 2683 385 2740 diviuorum
413 2682 592 2754 eloquiorum
617 2697 717 2739 secura

129 2753 256 2828 possidet
268 2755 382 2822 caritas,
390 2771 445 2826 qua
453 2757 539 2811 Deum
550 2754 717 2826 proximum·

131 2843 188 2899 qne
209 2825 368 2899 diligimus3
391 2835 472 2883 ilooet
495 2825 570 2882 enim
596 2826 717 2882 coelestis

93 2931 98 2940 ·
130 2914 207 2956 unus
227 2898 354 2955 medicus
373 2913 434 2966 nus,
451 2903 480 2954 et
501 2897 568 2952 dii-it
586 2915 592 2952 :
613 2899 717 2964 lliltpei

131 2971 276 3027 Dominum
291 2973 375 3028 Deum
399 2976 475 3024 tuum
499 2985 533 3024 ea
560 2975 614 3024 toto
639 2970 717 3023 corde

132 3047 189 3103 tuo.
206 3049 230 3097 et
247 3058 282 3098 ec
298 3049 355 3098 toln
376 3045 470 3096 animo
490 3046 552 3106 ωας
569 3048 594 3095 et
617 3040 717 3108 dilipes

129 3117 290 3187 proximum
305 3120 381 3170 tuum
395 3116 466 3169 sicut
483 3115 609 3184 teipsum.
625 3113 657 3166 ln
674 3115 717 3167 liis

132 3186 238 3241 dnobus
256 3189 400 3258 preceptis
421 3189 479 3240 toln
498 3187 556 3241 Len
578 3182 677 3256 pendet
691 3188 717 3240 et

132 3259 282 3326 Proplietne.
299 3256 327 3314 Si
351 3271 419 3330 crgo
442 3272 498 3312 non
518 3261 600 3312 vacat
618 3270 717 3311 omnes

190 3327 250 3384 'nes
264 3344 360 3385 sacras
376 3329 556 3397 perscrutari,
568 3325 662 3383 omnio
678 3325 718 3382 in·

131 3345 228 3457 egffiu
238 3415 400 3457 sermonum
412 3399 554 3464 evolvere,
563 3397 716 3470 omniaque

132 3471 340 3544 scripturarum
357 3483 465 3528 secreta
477 3477 636 3544 penetrare.
652 3475 717 3527 tene

132 3545 291 3610 caunum,
306 3545 352 3598 ubi
362 3543 492 3670 (fendem
508 3543 613 3599 omnia.
627 3543 666 3598 lbi
679 3548 717 3598 te·

131 3613 348 3686 obliquantur
383 3613 496 3681 liiicisil,
510 3613 618 3671 tenebis
631 3612 716 3670 etiam

132 3687 208 3758 quod
217 3702 272 3743 non
285 3685 422 3754 diilicisti;
436 3685 459 3742 si
469 3684 543 3741 enini
559 3684 631 3741 nosti
644 3684 716 3740 cari·

131 3763 230 3828 tatum,
252 3757 359 3830 aliquid
385 3756 470 3826 nosti,
494 3757 568 3812 unde
594 3761 621 3812 et
649 3755 717 3812 illud

131 3831 247 3904 pendet,
264 3833 337 3912 quoil
359 3829 431 3886 sorte
453 3843 509 3884 non
531 3825 614 3910 nosti.
637 3829 669 3882 Et
689 3827 717 3884 in

131 3901 256 3972 eoquod
272 3917 301 3956 m
317 3899 468 3973 scripturis
485 3899 628 3968 intelligis,
643 3898 715 3954 cari-

131 3977 271 4056 lespatet;
290 3971 354 4028 etin
366 3971 484 4042 eoquod
499 3987 555 4027 non
570 3969 715 4041 iulcliigls,

131 4051 235 4100 caritas
248 4045 316 4100 lutet
336 4045 385 4101 llle
400 4043 496 4126 itaque
509 4046 587 4098 tenet
599 4047 628 4098 ct
642 4041 716 4112 qnod

130 4121 217 4188 putet,
232 4125 259 4171 et
276 4119 352 4198 quod
369 4118 435 4172 lati—t
450 4131 478 4170 in
494 4113 596 4170 diuinis
611 4128 716 4169 sermo-

132 4189 224 4252 nibus,
242 4203 290 4258 qm
311 4192 457 4244 cautetem
483 4192 561 4243 tenet
577 4184 604 4240 iu
627 4184 713 4240 mori-

130 4259 191 4318 bus.
215 4279 228 4311 u
245 4262 279 4314 nt
293 4257 394 4314 iterum
411 4274 418 4314 :
436 4280 451 4310 ii
466 4258 576 4326 Quanta
590 4265 631 4313 est
647 4253 716 4312 cari·

131 4335 184 4400 las,
203 4347 266 4403 quie
285 4329 309 4388 si
329 4329 416 4396 desit,
446 4330 550 4386 trustra
576 4329 717 4385 balientur

130 4411 240 4475 cetern;
258 4401 282 4460 si
301 4400 386 4472 adsit,
409 4401 547 4460 habentur
566 4399 712 4460 omnint»

777 534 811 589 Et
826 531 932 590 iteruin
950 556 958 592 i
976 555 991 586 n
1008 535 1097 592 lloino
1116 534 1183 598 tide.
1198 541 1227 591 et
1251 552 1312 609 spe,
1334 543 1362 594 el

776 607 893 661 caritate
912 605 1057 670 subnixus,
1074 613 1101 662 et
1123 623 1172 664 eas
1192 605 1361 666 inconcusso

776 676 910 746 retinens,
926 693 982 732 non
1002 676 1110 742 iudiiicl
1125 680 1286 748 Scriptnris,
1309 679 1360 738 nisi

776 749 812 804 ad
826 747 897 804 alios
919 749 1111 806 instruendos.
1129 748 1206 805 lllulti
1228 766 1277 821 per
1300 752 1359 808 bae·

776 818 831 876 tria
848 819 877 876 in
898 819 1060 888 solitudine,
1076 823 1138 878 sine
1161 820 1305 878 codicibus
1322 822 1360 878 ii-

776 899 868 947 eunt:
888 910 901 944 u
923 893 982 948 baec
1003 894 1186 958 nuptialium.
1209 894 1257 948 Est
1275 893 1361 954 etiam
1393 913 1395 920 ’

776 968 885 1018 tuntum
901 963 1005 1021 bonum
1017 962 1131 1031 caritas,
1142 970 1171 1021 ut
1182 979 1236 1020 non
1251 969 1361 1022 tantum

776 1034 901 1091 delectus
918 1042 1030 1092 nostrus
1051 1041 1190 1108 suppleat.
1211 1035 1362 1096 sedetiam

776 1106 851 1162 bona
870 1106 963 1164 aliena
980 1115 1077 1164 nostra
1092 1123 1154 1164 esse
1171 1105 1264 1164 laniat.
1282 1109 1362 1168 Unde

777 1178 926 1246 brenni-ins
941 1198 949 1234 i
964 1200 979 1230 ii
995 1178 1116 1234 alioruin
1129 1179 1204 1236 bona
1214 1195 1302 1251 opera
1315 1196 1363 1237 no·

777 1253 836 1304 stra
849 1255 928 1318 sunt;
944 1265 1008 1322 quie
1021 1249 1045 1307 si
1060 1249 1167 1308 unitari
1187 1267 1244 1308 nnn
1260 1267 1361 1323 possu-

776 1335 849 1389 mus,
866 1320 894 1378 in
916 1321 980 1378 allis
1001 1337 1140 1390 amoinus,
1155 1325 1183 1378 et
1205 1322 1361 1382 amantium

776 1391 1223 1464 tluntquaecumqiieomenturin
1237 1394 1319 1452 nobis
1348 1418 1359 1446 i

776 1464 855 1520 Unde
870 1469 897 1520 ct
909 1466 1105 1534 Aupnsttnnr:
1126 1489 1134 1516 i
1156 1467 1280 1522 Pensent
1292 1463 1362 1524 invi·

775 1535 803 1591 di
819 1543 955 1606 quantum
976 1538 1080 1592 bonum
1104 1541 1147 1592 est
1167 1536 1282 1605 raiilas,
1298 1553 1362 1610 quae

776 1609 837 1662 sine
850 1608 947 1664 labore
959 1613 1054 1664 nostro
1068 1607 1163 1664 aliena
1175 1609 1248 1664 bona
1264 1613 1361 1668 nostra

775 1677 851 1735 lecit.
871 1699 884 1732 u
902 1680 935 1735 Et
950 1678 1053 1736 iterum
1069 1696 1076 1736 :
1093 1700 1106 1730 ii
1123 1678 1150 1738 Si
1166 1695 1246 1736 amns
1265 1679 1360 1746 unita·

774 1755 842 1816 tem,
854 1749 938 1807 eliain
955 1749 1005 1808 tibi
1021 1752 1116 1820 babet,
1130 1753 1255 1823 quisquis
1270 1749 1360 1808 inille

774 1820 882 1893 aliquid
895 1823 993 1888 baben
1006 1823 1073 1880 tolle
1084 1821 1230 1890 invidiam,
1239 1828 1268 1879 et
1280 1829 1359 1880 tuum

774 1894 917 1964 estquod
943 1895 1044 1962 liabeo,
1065 1895 1132 1950 tollo
1157 1893 1304 1960 invidiam,
1331 1900 1359 1952 ot

774 1981 867 2021 meum
883 1969 1011 2038 estquod
1025 1967 1123 2024 babes,
1139 1966 1220 2024 Livor
1233 1971 1357 2037 separat,

773 2037 976 2110 caritaanngit
990 2055 997 2094 z
1016 2058 1029 2090 n
1041 2039 1101 2094 liaeo
1111 2038 1294 2106 devitatione.
1307 2042 1359 2094 l’er
1440 2053 1442 2060 ’

773 2107 1359 2180 caritatemquippeeslbomoinparliiipio

773 2179 900 2236 omnium
912 2181 1049 2236 bonorum
1063 2179 1208 2248 maleum
1224 2185 1252 2238 et
1266 2197 1299 2237 ei
1314 2183 1360 2236 ile-

773 2251 846 2306 le'clu
864 2250 989 2308 caritatis
1006 2251 1110 2308 amittit
1126 2252 1211 2308 bomo
1226 2250 1358 2310 meritum

773 2321 899 2378 omnium
914 2323 1053 2380 bonni-niu
1069 2322 1210 2392 Ecclesia,
1227 2329 1255 2380 et
1271 2321 1357 2380 etiam

774 2395 840 2450 boni
857 2393 953 2465 operis
966 2394 1082 2466 proprii.
1100 2397 1142 2463 Et,
1160 2401 1188 2452 nt
1208 2393 1277 2450 dicit
1293 2397 1357 2452 ller-

773 2466 888 2535 nardus,
902 2465 1006 2523 caritas
1021 2475 1063 2523 est
1079 2466 1175 2534 iluna,
1190 2467 1218 2522 io
1233 2481 1290 2536 qua
1307 2482 1358 2524 nec

774 2537 1358 2611 minimumopusnespiiitur,sinequanec

774 2609 911 2666 maximus
926 2617 1098 2682 acceptatur.
1112 2612 1145 2666 Et
1159 2609 1281 2666 breuno
1293 2626 1360 2668 eon·

773 2683 911 2738 cliiilendn
931 2681 1035 2738 raritas
1054 2681 1130 2740 inter
1147 2681 1264 2738 virtutes
1281 2687 1359 2740 tenet

774 2752 974 2825 principatum,
990 2753 1055 2825 qnia
1069 2753 1130 2810 sine
1143 2753 1205 2825 ipsa
1219 2753 1254 2810 ad
1270 2757 1360 2825 portie-

774 2824 876 2880 iztionis
888 2823 998 2880 culmen
1015 2841 1097 2882 uerno
1112 2825 1302 2882 conscendere
1313 2841 1359 2880 iin-

774 2895 830 2962 let;
850 2901 917 2952 tuno
941 2895 1017 2950 enim
1043 2897 1128 2952 honio
1150 2896 1291 2966 perlectos
1315 2901 1358 2954 est

774 2967 889 3038 qnando
904 2965 1021 3022 caritate
1036 2967 1134 3038 plenus
1148 2973 1201 3023 est.

809 3039 1357 3104 5Quouooossunisrussenrnnasrrnre·

774 3127 839 3164 seris
854 3126 881 3164 iu
897 3111 1035 3165 Ecetram.
1098 3108 1290 3180 boniloquia
1299 3125 1358 3166 ma·

773 3179 1355 3253 gnadiscipulisinjunxit,erignnscoruui

772 3267 873 3309 sensus
885 3257 914 3309 el
925 3269 975 3309 eos
988 3253 1162 3319 conl'ortans,
1176 3251 1217 3308 ait
1232 3269 1239 3308 :
1257 3255 1292 3308 Et
1302 3267 1359 3307 corn

773 3340 820 3394 epo
832 3325 969 3380 uobiscum
982 3340 1052 3390 suni,
1068 3322 1241 3392 protei-tione
1254 3321 1357 3380 divine

775 3394 896 3464 virtutis,
910 3393 1108 3468 cooperatione
1124 3393 1230 3452 laboris
1244 3399 1272 3452 ct
1289 3411 1358 3464 ope-

773 3468 823 3536 ris,
839 3483 872 3524 ac
887 3465 972 3524 etiam
989 3465 1187 3524 sacramentali
1208 3465 1358 3538 presentia

773 3537 915 3609 Corporis,
934 3540 1059 3596 omnibns
1083 3539 1189 3607 diebus,
1216 3553 1303 3608 iisque
1321 3539 1359 3594 iul

774 3613 1029 3668 consummationem
1039 3612 1132 3667 saculi
1139 3609 1285 3676 inclusive,
1294 3625 1357 3668 cuin

775 3682 862 3740 linitis
880 3682 1036 3751 laboribus,
1050 3688 1078 3738 et
1094 3687 1291 3739 consummato
1306 3697 1357 3740 se-

772 3755 847 3822 culo,
875 3770 984 3810 mecum
1010 3753 1176 3825 regnabitis,
1207 3752 1287 3834 cujus
1317 3751 1357 3808 rei

773 3825 874 3899 pignos
888 3831 932 3882 est
947 3824 1097 3898 presentia
1114 3839 1184 3882 mere
1202 3822 1315 3880 deitatis
1329 3833 1358 3882 et

772 3897 870 3966 pruliae
883 3903 969 3953 etiam
985 3896 1170 3970 inpraesenti.
1188 3897 1223 3952 Ex
1239 3911 1296 3966 quo
1311 3912 1356 3967 pa·

773 3974 811 4024 tel
826 3975 931 4039 quanta
947 3983 1054 4026 merces
1066 3967 1120 4040 piae
1134 3966 1358 4024 conversationis

772 4043 888 4111 qualeve
919 4038 1017 4112 pignus
1044 4041 1145 4096 luturae
1173 4037 1357 4096 beatitudinis

772 4117 857 4167 etiam
877 4111 905 4166 in
919 4111 1053 4182 prasenti
1067 4111 1167 4168 lldeles
1183 4119 1314 4178 maueat;
1331 4121 1359 4166 et

772 4183 848 4254 qnod
867 4199 955 4255 usque
980 4184 1017 4241 ad
1041 4183 1126 4240 finem
1152 4181 1261 4250 mnudi,
1286 4182 1358 4237 lldes

774 4271 828 4310 non
847 4255 972 4323 delicia,
985 4261 1245 4328 quantumcumque
1262 4251 1358 4310 tribn-

772 4325 925 4384 lationibus
938 4326 1070 4400 agitetur.
1080 4329 1120 4385 Ao
1135 4325 1158 4383 si
1174 4325 1260 4392 dicat,
1275 4329 1306 4380 ut
1318 4322 1358 4380 ait

773 4399 978 4470 chrysostomus
1000 4417 1006 4456 z
1026 4421 1040 4450 i
1062 4398 1123 4456 Non
1143 4394 1281 4454 excusetis
1300 4409 1359 4466 voi,
