<?xml version="1.0" encoding="UTF-8"?>
<!DOCTYPE html PUBLIC "-//W3C//DTD XHTML 1.0 Transitional//EN"
    "http://www.w3.org/TR/xhtml1/DTD/xhtml1-transitional.dtd">
<html xmlns="http://www.w3.org/1999/xhtml" xml:lang="en" lang="en">
 <head>
  <title>
</title>
<meta http-equiv="Content-Type" content="text/html;charset=utf-8" />
  <meta name='ocr-system' content='tesseract 3.04.00' />
  <meta name='ocr-capabilities' content='ocr_page ocr_carea ocr_par ocr_line ocrx_word'/>
</head>
<body>
  <div class='ocr_page' id='page_1' title='image "./vitajesuchristi03ludogoog/vitajesuchristi03ludogoog_0040.png"; bbox 0 0 3036 5042; ppageno 0'>
   <div class='ocr_carea' id='block_1_1' title="bbox 232 413 1268 481">
    <p class='ocr_par' dir='ltr' id='par_1_1' title="bbox 232 413 1268 481">
     <span class='ocr_line' id='line_1_1' title="bbox 232 413 1268 481; baseline -0.003 -8"><span class='ocrx_word' id='word_1_1' title='bbox 232 419 270 473; x_wconf 81' lang='lat' dir='ltr'>nl</span> <span class='ocrx_word' id='word_1_2' title='bbox 298 418 401 473; x_wconf 80' lang='lat' dir='ltr'>Pallio</span> <span class='ocrx_word' id='word_1_3' title='bbox 429 416 670 481; x_wconf 74' lang='lat' dir='ltr'>coaeteruum,</span> <span class='ocrx_word' id='word_1_4' title='bbox 698 419 730 470; x_wconf 88' lang='lat' dir='ltr'>lll</span> <span class='ocrx_word' id='word_1_5' title='bbox 759 415 925 470; x_wconf 78' lang='lat' dir='ltr'>Ptsstndl:</span> <span class='ocrx_word' id='word_1_6' title='bbox 953 413 1079 467; x_wconf 79' lang='lat' dir='ltr'>uudtlt.</span> <span class='ocrx_word' id='word_1_7' title='bbox 1238 417 1268 471; x_wconf 81' lang='lat' dir='ltr'>ta</span> 
     </span>
    </p>
   </div>
   <div class='ocr_carea' id='block_1_2' title="bbox 47 526 632 1026">
    <p class='ocr_par' dir='ltr' id='par_1_2' title="bbox 47 526 629 666">
     <span class='ocr_line' id='line_1_2' title="bbox 47 526 629 598; baseline -0.005 -15"><span class='ocrx_word' id='word_1_8' title='bbox 47 527 150 598; x_wconf 74' lang='lat' dir='ltr'>jugiter</span> <span class='ocrx_word' id='word_1_9' title='bbox 163 526 356 596; x_wconf 61' lang='lat' dir='ltr'>captivarent</span> <span class='ocrx_word' id='word_1_10' title='bbox 367 540 385 579; x_wconf 89' lang='lat' dir='ltr'>o</span> <span class='ocrx_word' id='word_1_11' title='bbox 399 527 485 580; x_wconf 84' lang='lat' dir='ltr'>morte</span> <span class='ocrx_word' id='word_1_12' title='bbox 495 527 629 596; x_wconf 82' lang='lat' dir='ltr'>perpetuo</span> 
     </span>
     <span class='ocr_line' id='line_1_3' title="bbox 52 597 535 666; baseline -0.01 -10"><span class='ocrx_word' id='word_1_13' title='bbox 52 601 166 656; x_wconf 82' lang='lat' dir='ltr'>bonitate</span> <span class='ocrx_word' id='word_1_14' title='bbox 176 601 227 652; x_wconf 80' lang='lat' dir='ltr'>tuo</span> <span class='ocrx_word' id='word_1_15' title='bbox 242 611 349 651; x_wconf 84' lang='lat' dir='ltr'>mereor</span> <span class='ocrx_word' id='word_1_16' title='bbox 360 597 535 666; x_wconf 74' lang='lat' dir='ltr'>preseruort&#39;.</span> 
     </span>
    </p>

    <p class='ocr_par' dir='ltr' id='par_1_3' title="bbox 49 667 632 1026">
     <span class='ocr_line' id='line_1_4' title="bbox 81 667 631 726; baseline -0.002 -1"><span class='ocrx_word' id='word_1_17' title='bbox 81 674 111 726; x_wconf 66' lang='grc' dir='ltr'>αὖ</span> <span class='ocrx_word' id='word_1_18' title='bbox 127 667 183 725; x_wconf 89' lang='lat' dir='ltr'>Cnn</span> <span class='ocrx_word' id='word_1_19' title='bbox 198 668 324 724; x_wconf 80' lang='lat' dir='ltr'>Doxrxns</span> <span class='ocrx_word' id='word_1_20' title='bbox 339 683 463 724; x_wconf 82' lang='lat' dir='ltr'>vxxcnms</span> <span class='ocrx_word' id='word_1_21' title='bbox 477 683 568 724; x_wconf 77' lang='lat' dir='ltr'>croam</span> <span class='ocrx_word' id='word_1_22' title='bbox 584 685 631 724; x_wconf 88' lang='lat' dir='ltr'>vo·</span> 
     </span>
     <span class='ocr_line' id='line_1_5' title="bbox 50 739 632 808; baseline -0.005 -11"><span class='ocrx_word' id='word_1_23' title='bbox 50 757 138 798; x_wconf 78' lang='lat' dir='ltr'>cesam</span> <span class='ocrx_word' id='word_1_24' title='bbox 150 739 165 795; x_wconf 80' lang='lat' dir='ltr'>l</span> <span class='ocrx_word' id='word_1_25' title='bbox 177 771 213 780; x_wconf 94' lang='lat'><em>-</em></span> <span class='ocrx_word' id='word_1_26' title='bbox 228 740 268 795; x_wconf 79' lang='lat' dir='ltr'>dt</span> <span class='ocrx_word' id='word_1_27' title='bbox 280 740 327 795; x_wconf 80' lang='lat' dir='ltr'>illi</span> <span class='ocrx_word' id='word_1_28' title='bbox 341 743 460 794; x_wconf 78' lang='lat' dir='ltr'>tenentes</span> <span class='ocrx_word' id='word_1_29' title='bbox 473 741 576 808; x_wconf 74' lang='lat' dir='ltr'>testem,</span> <span class='ocrx_word' id='word_1_30' title='bbox 602 743 632 796; x_wconf 91' lang='lat' dir='ltr'>et</span> 
     </span>
     <span class='ocr_line' id='line_1_6' title="bbox 49 807 632 868; baseline -0.002 -1"><span class='ocrx_word' id='word_1_31' title='bbox 49 813 140 868; x_wconf 90' lang='lat' dir='ltr'>dulces</span> <span class='ocrx_word' id='word_1_32' title='bbox 154 809 217 867; x_wconf 85' lang='lat' dir='ltr'>illas</span> <span class='ocrx_word' id='word_1_33' title='bbox 226 825 402 867; x_wconf 86' lang='lat' dir='ltr'>manussuas</span> <span class='ocrx_word' id='word_1_34' title='bbox 417 807 536 866; x_wconf 86' lang='lat' dir='ltr'>vinculis</span> <span class='ocrx_word' id='word_1_35' title='bbox 549 809 632 867; x_wconf 91' lang='lat' dir='ltr'>strin-</span> 
     </span>
     <span class='ocr_line' id='line_1_7' title="bbox 51 879 631 955; baseline -0.003 -16"><span class='ocrx_word' id='word_1_36' title='bbox 51 887 155 955; x_wconf 86' lang='lat' dir='ltr'>gentes,</span> <span class='ocrx_word' id='word_1_37' title='bbox 181 883 413 950; x_wconf 73' lang='lat' dir='ltr'>ligaveruoteum</span> <span class='ocrx_word' id='word_1_38' title='bbox 441 879 631 952; x_wconf 80' lang='lat' dir='ltr'>ignominiose</span> 
     </span>
     <span class='ocr_line' id='line_1_8' title="bbox 50 950 632 1026; baseline -0.005 -15"><span class='ocrx_word' id='word_1_39' title='bbox 50 953 124 1026; x_wconf 84' lang='lat' dir='ltr'>quasi</span> <span class='ocrx_word' id='word_1_40' title='bbox 142 954 298 1021; x_wconf 86' lang='lat' dir='ltr'>latronem,</span> <span class='ocrx_word' id='word_1_41' title='bbox 321 957 349 1008; x_wconf 88' lang='lat' dir='ltr'>el</span> <span class='ocrx_word' id='word_1_42' title='bbox 364 958 455 1008; x_wconf 87' lang='lat' dir='ltr'>morte</span> <span class='ocrx_word' id='word_1_43' title='bbox 470 950 598 1023; x_wconf 89' lang='lat' dir='ltr'>dignum,</span> <span class='ocrx_word' id='word_1_44' title='bbox 614 967 632 1008; x_wconf 90' lang='lat' dir='ltr'>a</span> 
     </span>
    </p>
   </div>
   <div class='ocr_carea' id='block_1_3' title="bbox 683 519 1273 1024">
    <p class='ocr_par' dir='ltr' id='par_1_4' title="bbox 683 519 1273 1024">
     <span class='ocr_line' id='line_1_9' title="bbox 683 519 1270 596; baseline 0.003 -18"><span class='ocrx_word' id='word_1_45' title='bbox 683 521 881 596; x_wconf 75' lang='lat' dir='ltr'>prehensibilis</span> <span class='ocrx_word' id='word_1_46' title='bbox 894 526 948 590; x_wconf 91' lang='lat' dir='ltr'>est,</span> <span class='ocrx_word' id='word_1_47' title='bbox 969 523 998 576; x_wconf 87' lang='lat' dir='ltr'>et</span> <span class='ocrx_word' id='word_1_48' title='bbox 1012 519 1107 592; x_wconf 90' lang='lat' dir='ltr'>ligari,</span> <span class='ocrx_word' id='word_1_49' title='bbox 1125 519 1174 591; x_wconf 85' lang='lat' dir='ltr'>qui</span> <span class='ocrx_word' id='word_1_50' title='bbox 1192 520 1270 596; x_wconf 87' lang='lat' dir='ltr'>liga-</span> 
     </span>
     <span class='ocr_line' id='line_1_10' title="bbox 684 589 1271 652; baseline -0.003 -1"><span class='ocrx_word' id='word_1_51' title='bbox 684 601 730 652; x_wconf 87' lang='lat' dir='ltr'>tos</span> <span class='ocrx_word' id='word_1_52' title='bbox 745 593 941 651; x_wconf 82' lang='lat' dir='ltr'>renitsolrere</span> <span class='ocrx_word' id='word_1_53' title='bbox 956 595 985 649; x_wconf 92' lang='lat' dir='ltr'>et</span> <span class='ocrx_word' id='word_1_54' title='bbox 994 589 1109 648; x_wconf 87' lang='lat' dir='ltr'>vincula</span> <span class='ocrx_word' id='word_1_55' title='bbox 1123 607 1221 649; x_wconf 88' lang='lat' dir='ltr'>eornm</span> <span class='ocrx_word' id='word_1_56' title='bbox 1231 594 1271 650; x_wconf 88' lang='lat' dir='ltr'>di-</span> 
     </span>
     <span class='ocr_line' id='line_1_11' title="bbox 685 662 1272 734; baseline -0.002 -12"><span class='ocrx_word' id='word_1_57' title='bbox 685 682 749 723; x_wconf 94' lang='lat' dir='ltr'>rum</span> <span class='ocrx_word' id='word_1_58' title='bbox 771 682 828 722; x_wconf 87' lang='lat' dir='ltr'>ere.</span> <span class='ocrx_word' id='word_1_59' title='bbox 845 666 879 721; x_wconf 88' lang='lat' dir='ltr'>Et</span> <span class='ocrx_word' id='word_1_60' title='bbox 892 671 969 731; x_wconf 90' lang='lat' dir='ltr'>nota,</span> <span class='ocrx_word' id='word_1_61' title='bbox 985 662 1061 734; x_wconf 86' lang='lat' dir='ltr'>quod</span> <span class='ocrx_word' id='word_1_62' title='bbox 1076 662 1205 720; x_wconf 89' lang='lat' dir='ltr'>Christus</span> <span class='ocrx_word' id='word_1_63' title='bbox 1222 664 1272 721; x_wconf 80' lang='lat' dir='ltr'>Fi-</span> 
     </span>
     <span class='ocr_line' id='line_1_12' title="bbox 685 681 1272 816; baseline 0 -23"><span class='ocrx_word' id='word_1_64' title='bbox 685 736 739 795; x_wconf 92' lang='lat' dir='ltr'>lius</span> <span class='ocrx_word' id='word_1_65' title='bbox 752 681 811 807; x_wconf 59' lang='lat' dir='ltr'>Sei,</span> <span class='ocrx_word' id='word_1_66' title='bbox 828 741 887 793; x_wconf 89' lang='lat' dir='ltr'>tam</span> <span class='ocrx_word' id='word_1_67' title='bbox 908 751 974 792; x_wconf 91' lang='lat' dir='ltr'>uam</span> <span class='ocrx_word' id='word_1_68' title='bbox 986 733 1059 791; x_wconf 91' lang='lat' dir='ltr'>latro</span> <span class='ocrx_word' id='word_1_69' title='bbox 1075 737 1272 816; x_wconf 79' lang='lat' dir='ltr'>cumlatrone,</span> 
     </span>
     <span class='ocr_line' id='line_1_13' title="bbox 686 808 1271 878; baseline -0.005 -13"><span class='ocrx_word' id='word_1_70' title='bbox 686 808 795 865; x_wconf 90' lang='lat' dir='ltr'>scilicet</span> <span class='ocrx_word' id='word_1_71' title='bbox 811 810 897 864; x_wconf 85' lang='lat' dir='ltr'>Barra</span> <span class='ocrx_word' id='word_1_72' title='bbox 921 823 938 863; x_wconf 87' lang='lat' dir='ltr'>a</span> <span class='ocrx_word' id='word_1_73' title='bbox 957 809 999 863; x_wconf 89' lang='lat' dir='ltr'>est</span> <span class='ocrx_word' id='word_1_74' title='bbox 1016 813 1125 878; x_wconf 88' lang='lat' dir='ltr'>captus,</span> <span class='ocrx_word' id='word_1_75' title='bbox 1140 811 1216 864; x_wconf 90' lang='lat' dir='ltr'>mter</span> <span class='ocrx_word' id='word_1_76' title='bbox 1231 809 1271 863; x_wconf 87' lang='lat' dir='ltr'>ln-</span> 
     </span>
     <span class='ocr_line' id='line_1_14' title="bbox 685 875 1270 946; baseline -0.002 -10"><span class='ocrx_word' id='word_1_77' title='bbox 685 885 782 937; x_wconf 88' lang='lat' dir='ltr'>trones</span> <span class='ocrx_word' id='word_1_78' title='bbox 798 877 994 946; x_wconf 86' lang='lat' dir='ltr'>crucillxus,a</span> <span class='ocrx_word' id='word_1_79' title='bbox 1016 875 1175 934; x_wconf 75' lang='lat' dir='ltr'>latronibus</span> <span class='ocrx_word' id='word_1_80' title='bbox 1194 878 1270 935; x_wconf 89' lang='lat' dir='ltr'>occi·</span> 
     </span>
     <span class='ocr_line' id='line_1_15' title="bbox 687 949 1273 1024; baseline -0.002 -16"><span class='ocrx_word' id='word_1_81' title='bbox 687 968 746 1020; x_wconf 91' lang='lat' dir='ltr'>sus,</span> <span class='ocrx_word' id='word_1_82' title='bbox 763 955 878 1024; x_wconf 88' lang='lat' dir='ltr'>propter</span> <span class='ocrx_word' id='word_1_83' title='bbox 892 949 1019 1006; x_wconf 86' lang='lat' dir='ltr'>latrones</span> <span class='ocrx_word' id='word_1_84' title='bbox 1032 965 1141 1017; x_wconf 85' lang='lat' dir='ltr'>passus,</span> <span class='ocrx_word' id='word_1_85' title='bbox 1159 950 1273 1008; x_wconf 86' lang='lat' dir='ltr'>solvens</span> 
     </span>
    </p>
   </div>
   <div class='ocr_carea' id='block_1_4' title="bbox 51 1019 1273 1119">
    <p class='ocr_par' dir='ltr' id='par_1_5' title="bbox 51 1019 1273 1119">
     <span class='ocr_line' id='line_1_16' title="bbox 51 1019 1273 1119; baseline -0.005 -35"><span class='ocrx_word' id='word_1_86' title='bbox 51 1043 102 1098; x_wconf 88' lang='lat' dir='ltr'>quo</span> <span class='ocrx_word' id='word_1_87' title='bbox 118 1023 290 1094; x_wconf 88' lang='lat' dir='ltr'>potiussolvi</span> <span class='ocrx_word' id='word_1_88' title='bbox 302 1023 550 1084; x_wconf 82' lang='lat' dir='ltr'>velledebuerunt.</span> <span class='ocrx_word' id='word_1_89' title='bbox 564 1025 632 1094; x_wconf 81' lang='lat' dir='ltr'>quia</span> <span class='ocrx_word' id='word_1_90' title='bbox 662 1047 665 1119; x_wconf 58' lang='lat' dir='ltr'>p</span> <span class='ocrx_word' id='word_1_91' title='bbox 687 1039 751 1095; x_wconf 82' lang='lat' dir='ltr'>quae</span> <span class='ocrx_word' id='word_1_92' title='bbox 769 1039 826 1078; x_wconf 93' lang='lat' dir='ltr'>non</span> <span class='ocrx_word' id='word_1_93' title='bbox 845 1019 948 1093; x_wconf 80' lang='lat' dir='ltr'>rapuit.</span> <span class='ocrx_word' id='word_1_94' title='bbox 970 1021 1086 1091; x_wconf 79' lang='lat' dir='ltr'>Legitur</span> <span class='ocrx_word' id='word_1_95' title='bbox 1101 1025 1196 1078; x_wconf 89' lang='lat' dir='ltr'>autem</span> <span class='ocrx_word' id='word_1_96' title='bbox 1214 1023 1273 1078; x_wconf 88' lang='lat' dir='ltr'>Do-</span> 
     </span>
    </p>
   </div>
   <div class='ocr_carea' id='block_1_5' title="bbox 52 1094 630 1154">
    <p class='ocr_par' dir='ltr' id='par_1_6' title="bbox 52 1094 630 1154">
     <span class='ocr_line' id='line_1_17' title="bbox 52 1094 630 1154; baseline -0.003 0"><span class='ocrx_word' id='word_1_97' title='bbox 52 1097 172 1154; x_wconf 92' lang='lat' dir='ltr'>omnium</span> <span class='ocrx_word' id='word_1_98' title='bbox 199 1099 322 1152; x_wconf 86' lang='lat' dir='ltr'>venerat</span> <span class='ocrx_word' id='word_1_99' title='bbox 347 1094 497 1151; x_wconf 79' lang='lat' dir='ltr'>absolvere</span> <span class='ocrx_word' id='word_1_100' title='bbox 519 1095 630 1152; x_wconf 86' lang='lat' dir='ltr'>vincula</span> 
     </span>
    </p>
   </div>
   <div class='ocr_carea' id='block_1_6' title="bbox 52 1131 664 1237">
    <p class='ocr_par' dir='ltr' id='par_1_7' title="bbox 52 1131 664 1237">
     <span class='ocr_line' id='line_1_18' title="bbox 52 1131 664 1237; baseline -0.005 -13"><span class='ocrx_word' id='word_1_101' title='bbox 52 1167 247 1226; x_wconf 88' lang='lat' dir='ltr'>inllrmitatnm</span> <span class='ocrx_word' id='word_1_102' title='bbox 262 1172 292 1224; x_wconf 89' lang='lat' dir='ltr'>et</span> <span class='ocrx_word' id='word_1_103' title='bbox 321 1171 494 1231; x_wconf 87' lang='lat' dir='ltr'>creatorum,</span> <span class='ocrx_word' id='word_1_104' title='bbox 509 1181 542 1222; x_wconf 88' lang='lat' dir='ltr'>ac</span> <span class='ocrx_word' id='word_1_105' title='bbox 556 1181 630 1222; x_wconf 89' lang='lat' dir='ltr'>mor·</span> <span class='ocrx_word' id='word_1_106' title='bbox 661 1131 664 1237; x_wconf 80' lang='grc' dir='ltr'>Ι</span> 
     </span>
    </p>
   </div>
   <div class='ocr_carea' id='block_1_7' title="bbox 52 1233 642 4456">
    <p class='ocr_par' dir='ltr' id='par_1_8' title="bbox 52 1233 631 1884">
     <span class='ocr_line' id='line_1_19' title="bbox 52 1233 631 1297; baseline -0.002 -2"><span class='ocrx_word' id='word_1_107' title='bbox 52 1240 123 1297; x_wconf 90' lang='lat' dir='ltr'>tiset</span> <span class='ocrx_word' id='word_1_108' title='bbox 150 1239 268 1295; x_wconf 80' lang='lat' dir='ltr'>interni.</span> <span class='ocrx_word' id='word_1_109' title='bbox 310 1243 322 1294; x_wconf 89' lang='lat' dir='ltr'>t</span> <span class='ocrx_word' id='word_1_110' title='bbox 344 1241 428 1294; x_wconf 89' lang='lat' dir='ltr'>erant</span> <span class='ocrx_word' id='word_1_111' title='bbox 452 1236 524 1293; x_wconf 81' lang='lat' dir='ltr'>forte</span> <span class='ocrx_word' id='word_1_112' title='bbox 544 1233 631 1295; x_wconf 88' lang='lat' dir='ltr'>ineis</span> 
     </span>
     <span class='ocr_line' id='line_1_20' title="bbox 54 1307 629 1384; baseline -0.003 -17"><span class='ocrx_word' id='word_1_113' title='bbox 54 1311 97 1382; x_wconf 86' lang='lat' dir='ltr'>qui</span> <span class='ocrx_word' id='word_1_114' title='bbox 112 1316 210 1384; x_wconf 86' lang='lat' dir='ltr'>postea</span> <span class='ocrx_word' id='word_1_115' title='bbox 228 1309 341 1367; x_wconf 88' lang='lat' dir='ltr'>liberali</span> <span class='ocrx_word' id='word_1_116' title='bbox 356 1309 392 1366; x_wconf 91' lang='lat' dir='ltr'>ab</span> <span class='ocrx_word' id='word_1_117' title='bbox 413 1324 446 1364; x_wconf 90' lang='lat' dir='ltr'>eo</span> <span class='ocrx_word' id='word_1_118' title='bbox 475 1307 629 1366; x_wconf 84' lang='lat' dir='ltr'>dixerunt:</span> 
     </span>
     <span class='ocr_line' id='line_1_21' title="bbox 52 1381 631 1453; baseline 0 -16"><span class='ocrx_word' id='word_1_119' title='bbox 52 1385 192 1453; x_wconf 78' lang='lat' dir='ltr'>llimpistt’,</span> <span class='ocrx_word' id='word_1_120' title='bbox 210 1383 336 1444; x_wconf 69' lang='lat' dir='ltr'>minine,</span> <span class='ocrx_word' id='word_1_121' title='bbox 349 1381 461 1436; x_wconf 76' lang='lat' dir='ltr'>vinculo</span> <span class='ocrx_word' id='word_1_122' title='bbox 477 1397 546 1436; x_wconf 81' lang='lat' dir='ltr'>meo.</span> <span class='ocrx_word' id='word_1_123' title='bbox 561 1383 631 1438; x_wconf 86' lang='lat' dir='ltr'>Eece</span> 
     </span>
     <span class='ocr_line' id='line_1_22' title="bbox 53 1451 629 1526; baseline -0.002 -17"><span class='ocrx_word' id='word_1_124' title='bbox 53 1453 125 1510; x_wconf 86' lang='lat' dir='ltr'>adest</span> <span class='ocrx_word' id='word_1_125' title='bbox 138 1453 241 1526; x_wconf 86' lang='lat' dir='ltr'>loseph</span> <span class='ocrx_word' id='word_1_126' title='bbox 257 1452 363 1524; x_wconf 87' lang='lat' dir='ltr'>ligatus</span> <span class='ocrx_word' id='word_1_127' title='bbox 386 1451 517 1508; x_wconf 86' lang='lat' dir='ltr'>venditus</span> <span class='ocrx_word' id='word_1_128' title='bbox 540 1451 629 1508; x_wconf 87' lang='lat' dir='ltr'>alra·</span> 
     </span>
     <span class='ocr_line' id='line_1_23' title="bbox 54 1521 630 1596; baseline -0.003 -16"><span class='ocrx_word' id='word_1_129' title='bbox 54 1526 147 1596; x_wconf 63' lang='lat' dir='ltr'>tribum</span> <span class='ocrx_word' id='word_1_130' title='bbox 164 1531 193 1582; x_wconf 90' lang='lat' dir='ltr'>et</span> <span class='ocrx_word' id='word_1_131' title='bbox 221 1527 343 1582; x_wconf 82' lang='lat' dir='ltr'>Samson</span> <span class='ocrx_word' id='word_1_132' title='bbox 360 1521 469 1579; x_wconf 83' lang='lat' dir='ltr'>tinctus</span> <span class='ocrx_word' id='word_1_133' title='bbox 496 1522 630 1594; x_wconf 79' lang='lat' dir='ltr'>anatha,</span> 
     </span>
     <span class='ocr_line' id='line_1_24' title="bbox 53 1596 630 1669; baseline -0.002 -18"><span class='ocrx_word' id='word_1_134' title='bbox 53 1596 78 1652; x_wconf 91' lang='lat' dir='ltr'>id</span> <span class='ocrx_word' id='word_1_135' title='bbox 97 1603 136 1654; x_wconf 90' lang='lat' dir='ltr'>est</span> <span class='ocrx_word' id='word_1_136' title='bbox 154 1613 172 1654; x_wconf 88' lang='lat' dir='ltr'>a</span> <span class='ocrx_word' id='word_1_137' title='bbox 188 1612 346 1669; x_wconf 84' lang='lat' dir='ltr'>synagoga.</span> <span class='ocrx_word' id='word_1_138' title='bbox 364 1596 444 1651; x_wconf 83' lang='lat' dir='ltr'>Unde</span> <span class='ocrx_word' id='word_1_139' title='bbox 458 1596 630 1652; x_wconf 81' lang='lat' dir='ltr'>Anselmus:</span> 
     </span>
     <span class='ocr_line' id='line_1_25' title="bbox 54 1665 631 1740; baseline -0.007 -14"><span class='ocrx_word' id='word_1_140' title='bbox 54 1669 122 1726; x_wconf 85' lang='lat' dir='ltr'>«Sed</span> <span class='ocrx_word' id='word_1_141' title='bbox 133 1685 195 1726; x_wconf 86' lang='lat' dir='ltr'>ecce</span> <span class='ocrx_word' id='word_1_142' title='bbox 202 1669 263 1740; x_wconf 90' lang='lat' dir='ltr'>jam</span> <span class='ocrx_word' id='word_1_143' title='bbox 275 1665 448 1738; x_wconf 74' lang='lat' dir='ltr'>proditorem</span> <span class='ocrx_word' id='word_1_144' title='bbox 457 1671 631 1738; x_wconf 72' lang='lat' dir='ltr'>preeuntem</span> 
     </span>
     <span class='ocr_line' id='line_1_26' title="bbox 53 1739 630 1884; baseline -0.003 -18"><span class='ocrx_word' id='word_1_145' title='bbox 53 1739 630 1884; x_wconf 60' lang='lat' dir='ltr'>tldl‘tdltltl‘ldlhadm·</span> 
     </span>
    </p>

    <p class='ocr_par' dir='ltr' id='par_1_9' title="bbox 54 1839 642 4456">
     <span class='ocr_line' id='line_1_27' title="bbox 420 1839 631 1878; baseline 0 -29"><span class='ocrx_word' id='word_1_146' title='bbox 420 1849 428 1878; x_wconf 66' lang='lat'><strong>‚</strong></span> <span class='ocrx_word' id='word_1_147' title='bbox 621 1839 631 1849; x_wconf 96' lang='lat'><em>.</em></span> 
     </span>
     <span class='ocr_line' id='line_1_28' title="bbox 54 1879 632 1940; baseline -0.003 -2"><span class='ocrx_word' id='word_1_148' title='bbox 54 1881 124 1939; x_wconf 84' lang='lat' dir='ltr'>ciunt</span> <span class='ocrx_word' id='word_1_149' title='bbox 139 1882 168 1939; x_wconf 92' lang='lat' dir='ltr'>in</span> <span class='ocrx_word' id='word_1_150' title='bbox 193 1885 306 1940; x_wconf 83' lang='lat' dir='ltr'>lesum.</span> <span class='ocrx_word' id='word_1_151' title='bbox 328 1879 479 1937; x_wconf 87' lang='lat' dir='ltr'>Dominum</span> <span class='ocrx_word' id='word_1_152' title='bbox 494 1896 577 1936; x_wconf 88' lang='lat' dir='ltr'>snum</span> <span class='ocrx_word' id='word_1_153' title='bbox 593 1885 632 1936; x_wconf 88' lang='lat' dir='ltr'>te·</span> 
     </span>
     <span class='ocr_line' id='line_1_29' title="bbox 56 1951 632 2026; baseline -0.002 -17"><span class='ocrx_word' id='word_1_154' title='bbox 56 1959 118 2009; x_wconf 86' lang='lat' dir='ltr'>nent</span> <span class='ocrx_word' id='word_1_155' title='bbox 135 1955 268 2026; x_wconf 90' lang='lat' dir='ltr'>ligatum,</span> <span class='ocrx_word' id='word_1_156' title='bbox 285 1957 314 2010; x_wconf 87' lang='lat' dir='ltr'>et</span> <span class='ocrx_word' id='word_1_157' title='bbox 329 1951 394 2010; x_wconf 88' lang='lat' dir='ltr'>illas</span> <span class='ocrx_word' id='word_1_158' title='bbox 411 1951 508 2009; x_wconf 82' lang='lat' dir='ltr'>dulces</span> <span class='ocrx_word' id='word_1_159' title='bbox 530 1967 632 2010; x_wconf 89' lang='lat' dir='ltr'>manus</span> 
     </span>
     <span class='ocr_line' id='line_1_30' title="bbox 55 2022 632 2098; baseline 0.002 -20"><span class='ocrx_word' id='word_1_160' title='bbox 55 2022 632 2098; x_wconf 80' lang='lat' dir='ltr'>vinculisstringunt.Quidluceral‘lscio,</span> 
     </span>
     <span class='ocr_line' id='line_1_31' title="bbox 56 2093 633 2169; baseline -0.003 -17"><span class='ocrx_word' id='word_1_161' title='bbox 56 2103 163 2169; x_wconf 90' lang='lat' dir='ltr'>occupat</span> <span class='ocrx_word' id='word_1_162' title='bbox 176 2113 251 2154; x_wconf 88' lang='lat' dir='ltr'>nuno</span> <span class='ocrx_word' id='word_1_163' title='bbox 262 2111 314 2152; x_wconf 89' lang='lat' dir='ltr'>cor</span> <span class='ocrx_word' id='word_1_164' title='bbox 329 2103 409 2152; x_wconf 93' lang='lat' dir='ltr'>tuum</span> <span class='ocrx_word' id='word_1_165' title='bbox 420 2094 522 2168; x_wconf 89' lang='lat' dir='ltr'>pietas,</span> <span class='ocrx_word' id='word_1_166' title='bbox 537 2093 633 2150; x_wconf 92' lang='lat' dir='ltr'>omnia</span> 
     </span>
     <span class='ocr_line' id='line_1_32' title="bbox 57 2165 634 2234; baseline 0 -12"><span class='ocrx_word' id='word_1_167' title='bbox 57 2167 156 2224; x_wconf 80' lang='lat' dir='ltr'>viscera</span> <span class='ocrx_word' id='word_1_168' title='bbox 169 2173 217 2226; x_wconf 91' lang='lat' dir='ltr'>tua</span> <span class='ocrx_word' id='word_1_169' title='bbox 231 2169 311 2224; x_wconf 89' lang='lat' dir='ltr'>zelus</span> <span class='ocrx_word' id='word_1_170' title='bbox 323 2166 491 2224; x_wconf 89' lang='lat' dir='ltr'>inllammat.</span> <span class='ocrx_word' id='word_1_171' title='bbox 508 2165 634 2234; x_wconf 61' lang='lat' dir='ltr'>sinemo·</span> 
     </span>
     <span class='ocr_line' id='line_1_33' title="bbox 58 2236 634 2320; baseline -0.002 -25"><span class='ocrx_word' id='word_1_172' title='bbox 58 2255 99 2309; x_wconf 87' lang='lat' dir='ltr'>go.</span> <span class='ocrx_word' id='word_1_173' title='bbox 112 2239 242 2312; x_wconf 87' lang='lat' dir='ltr'>patiatur,</span> <span class='ocrx_word' id='word_1_174' title='bbox 259 2237 310 2311; x_wconf 89' lang='lat' dir='ltr'>qui</span> <span class='ocrx_word' id='word_1_175' title='bbox 321 2254 373 2310; x_wconf 91' lang='lat' dir='ltr'>pro</span> <span class='ocrx_word' id='word_1_176' title='bbox 388 2243 415 2320; x_wconf 77' lang='lat' dir='ltr'>te</span> <span class='ocrx_word' id='word_1_177' title='bbox 430 2237 546 2310; x_wconf 85' lang='lat' dir='ltr'>patitur.</span> <span class='ocrx_word' id='word_1_178' title='bbox 561 2236 634 2320; x_wconf 77' lang='lat' dir='ltr'>Quid</span> 
     </span>
     <span class='ocr_line' id='line_1_34' title="bbox 58 2308 634 2383; baseline 0.002 -18"><span class='ocrx_word' id='word_1_179' title='bbox 58 2315 130 2381; x_wconf 88' lang='lat' dir='ltr'>optas</span> <span class='ocrx_word' id='word_1_180' title='bbox 141 2312 269 2383; x_wconf 81' lang='lat' dir='ltr'>gladium</span> <span class='ocrx_word' id='word_1_181' title='bbox 283 2310 297 2365; x_wconf 88' lang='lat' dir='ltr'>&#39;l</span> <span class='ocrx_word' id='word_1_182' title='bbox 310 2309 382 2378; x_wconf 86' lang='lat' dir='ltr'>Quid</span> <span class='ocrx_word' id='word_1_183' title='bbox 397 2309 550 2366; x_wconf 79' lang='lat' dir='ltr'>irasceris?</span> <span class='ocrx_word' id='word_1_184' title='bbox 562 2308 634 2376; x_wconf 89' lang='lat' dir='ltr'>Q&#39;md</span> 
     </span>
     <span class='ocr_line' id='line_1_35' title="bbox 62 2380 635 2454; baseline -0.003 -18"><span class='ocrx_word' id='word_1_185' title='bbox 62 2381 231 2454; x_wconf 84' lang='lat' dir='ltr'>indignaris?</span> <span class='ocrx_word' id='word_1_186' title='bbox 244 2381 276 2440; x_wconf 88' lang='lat' dir='ltr'>si</span> <span class='ocrx_word' id='word_1_187' title='bbox 291 2381 382 2438; x_wconf 86' lang='lat' dir='ltr'>instar</span> <span class='ocrx_word' id='word_1_188' title='bbox 390 2380 466 2437; x_wconf 88' lang='lat' dir='ltr'>Petri</span> <span class='ocrx_word' id='word_1_189' title='bbox 482 2381 635 2452; x_wconf 67' lang='lat' dir='ltr'>cujuslibet</span> 
     </span>
     <span class='ocr_line' id='line_1_36' title="bbox 62 2451 634 2520; baseline 0 -12"><span class='ocrx_word' id='word_1_190' title='bbox 62 2453 205 2511; x_wconf 83' lang='lat' dir='ltr'>auriculam</span> <span class='ocrx_word' id='word_1_191' title='bbox 229 2451 400 2520; x_wconf 89' lang='lat' dir='ltr'>abscideris,</span> <span class='ocrx_word' id='word_1_192' title='bbox 427 2451 451 2508; x_wconf 88' lang='lat' dir='ltr'>si</span> <span class='ocrx_word' id='word_1_193' title='bbox 476 2453 551 2508; x_wconf 86' lang='lat' dir='ltr'>lerro</span> <span class='ocrx_word' id='word_1_194' title='bbox 566 2453 634 2509; x_wconf 87' lang='lat' dir='ltr'>bra-</span> 
     </span>
     <span class='ocr_line' id='line_1_37' title="bbox 61 2523 632 2604; baseline 0.002 -25"><span class='ocrx_word' id='word_1_195' title='bbox 61 2525 145 2604; x_wconf 78' lang='lat' dir='ltr'>chium</span> <span class='ocrx_word' id='word_1_196' title='bbox 160 2525 273 2596; x_wconf 86' lang='lat' dir='ltr'>tuleris,</span> <span class='ocrx_word' id='word_1_197' title='bbox 284 2523 307 2581; x_wconf 90' lang='lat' dir='ltr'>si</span> <span class='ocrx_word' id='word_1_198' title='bbox 321 2524 421 2596; x_wconf 89' lang='lat' dir='ltr'>pedem</span> <span class='ocrx_word' id='word_1_199' title='bbox 437 2523 632 2592; x_wconf 85' lang='lat' dir='ltr'>truncaveris;</span> 
     </span>
     <span class='ocr_line' id='line_1_38' title="bbox 61 2593 634 2667; baseline 0 -17"><span class='ocrx_word' id='word_1_200' title='bbox 61 2611 114 2665; x_wconf 85' lang='lat' dir='ltr'>ipse</span> <span class='ocrx_word' id='word_1_201' title='bbox 128 2596 257 2655; x_wconf 89' lang='lat' dir='ltr'>restituet</span> <span class='ocrx_word' id='word_1_202' title='bbox 285 2594 391 2664; x_wconf 90' lang='lat' dir='ltr'>omnia,</span> <span class='ocrx_word' id='word_1_203' title='bbox 410 2597 458 2667; x_wconf 88' lang='lat' dir='ltr'>qui</span> <span class='ocrx_word' id='word_1_204' title='bbox 486 2594 583 2662; x_wconf 88' lang='lat' dir='ltr'>etiam,</span> <span class='ocrx_word' id='word_1_205' title='bbox 611 2593 634 2651; x_wconf 93' lang='lat' dir='ltr'>si</span> 
     </span>
     <span class='ocr_line' id='line_1_39' title="bbox 60 2665 636 2738; baseline -0.002 -16"><span class='ocrx_word' id='word_1_206' title='bbox 60 2682 135 2736; x_wconf 86' lang='lat' dir='ltr'>quem</span> <span class='ocrx_word' id='word_1_207' title='bbox 152 2667 295 2726; x_wconf 87' lang='lat' dir='ltr'>occideris</span> <span class='ocrx_word' id='word_1_208' title='bbox 314 2668 422 2738; x_wconf 89' lang='lat' dir='ltr'>absque</span> <span class='ocrx_word' id='word_1_209' title='bbox 446 2665 531 2723; x_wconf 93' lang='lat' dir='ltr'>dubio</span> <span class='ocrx_word' id='word_1_210' title='bbox 549 2665 636 2722; x_wconf 89' lang='lat' dir='ltr'>susci·</span> 
     </span>
     <span class='ocr_line' id='line_1_40' title="bbox 59 2737 635 2809; baseline 0 -17"><span class='ocrx_word' id='word_1_211' title='bbox 59 2738 141 2794; x_wconf 83' lang='lat' dir='ltr'>tabit:</span> <span class='ocrx_word' id='word_1_212' title='bbox 164 2760 178 2791; x_wconf 72' lang='lat' dir='ltr'>o</span> <span class='ocrx_word' id='word_1_213' title='bbox 200 2740 263 2797; x_wconf 86' lang='lat' dir='ltr'>haec</span> <span class='ocrx_word' id='word_1_214' title='bbox 289 2741 446 2796; x_wconf 67' lang='lat' dir='ltr'>anselmus.</span> <span class='ocrx_word' id='word_1_215' title='bbox 464 2737 635 2809; x_wconf 81' lang='lat' dir='ltr'>ligaverunt</span> 
     </span>
     <span class='ocr_line' id='line_1_41' title="bbox 59 2808 635 2885; baseline 0.002 -22"><span class='ocrx_word' id='word_1_216' title='bbox 59 2814 142 2868; x_wconf 86' lang='lat' dir='ltr'>autem</span> <span class='ocrx_word' id='word_1_217' title='bbox 163 2828 228 2870; x_wconf 93' lang='lat' dir='ltr'>eum</span> <span class='ocrx_word' id='word_1_218' title='bbox 242 2818 363 2885; x_wconf 89' lang='lat' dir='ltr'>propter</span> <span class='ocrx_word' id='word_1_219' title='bbox 386 2809 460 2866; x_wconf 89' lang='lat' dir='ltr'>tria:</span> <span class='ocrx_word' id='word_1_220' title='bbox 480 2808 582 2881; x_wconf 88' lang='lat' dir='ltr'>primo,</span> <span class='ocrx_word' id='word_1_221' title='bbox 599 2825 635 2864; x_wconf 91' lang='lat' dir='ltr'>ne</span> 
     </span>
     <span class='ocr_line' id='line_1_42' title="bbox 59 2879 635 2960; baseline 0 -24"><span class='ocrx_word' id='word_1_222' title='bbox 59 2895 150 2960; x_wconf 86' lang='lat' dir='ltr'>manus</span> <span class='ocrx_word' id='word_1_223' title='bbox 159 2899 257 2940; x_wconf 89' lang='lat' dir='ltr'>eorum</span> <span class='ocrx_word' id='word_1_224' title='bbox 272 2882 422 2953; x_wconf 78' lang='lat' dir='ltr'>effugeret,</span> <span class='ocrx_word' id='word_1_225' title='bbox 436 2881 545 2936; x_wconf 81' lang='lat' dir='ltr'>dixerat</span> <span class='ocrx_word' id='word_1_226' title='bbox 558 2879 635 2936; x_wconf 89' lang='lat' dir='ltr'>enim</span> 
     </span>
     <span class='ocr_line' id='line_1_43' title="bbox 60 2953 636 3026; baseline 0.005 -21"><span class='ocrx_word' id='word_1_227' title='bbox 60 2953 636 3026; x_wconf 84' lang='lat' dir='ltr'>etsludas,quodeumtener·ent,etcaute</span> 
     </span>
     <span class='ocr_line' id='line_1_44' title="bbox 61 3021 636 3093; baseline 0.002 -16"><span class='ocrx_word' id='word_1_228' title='bbox 61 3021 202 3093; x_wconf 76' lang='lat' dir='ltr'>ducercnl3</span> <span class='ocrx_word' id='word_1_229' title='bbox 220 3027 359 3092; x_wconf 86' lang='lat' dir='ltr'>secundo,</span> <span class='ocrx_word' id='word_1_230' title='bbox 371 3029 401 3079; x_wconf 90' lang='lat' dir='ltr'>ul</span> <span class='ocrx_word' id='word_1_231' title='bbox 414 3039 480 3079; x_wconf 89' lang='lat' dir='ltr'>eum</span> <span class='ocrx_word' id='word_1_232' title='bbox 490 3029 581 3079; x_wconf 87' lang='lat' dir='ltr'>morte</span> <span class='ocrx_word' id='word_1_233' title='bbox 596 3022 636 3079; x_wconf 88' lang='lat' dir='ltr'>di·</span> 
     </span>
     <span class='ocr_line' id='line_1_45' title="bbox 62 3093 638 3167; baseline 0.003 -19"><span class='ocrx_word' id='word_1_234' title='bbox 62 3107 140 3163; x_wconf 90' lang='lat' dir='ltr'>gnum</span> <span class='ocrx_word' id='word_1_235' title='bbox 155 3097 351 3163; x_wconf 87' lang='lat' dir='ltr'>ostenderent,</span> <span class='ocrx_word' id='word_1_236' title='bbox 367 3093 434 3167; x_wconf 90' lang='lat' dir='ltr'>quia</span> <span class='ocrx_word' id='word_1_237' title='bbox 445 3109 506 3150; x_wconf 89' lang='lat' dir='ltr'>mos</span> <span class='ocrx_word' id='word_1_238' title='bbox 522 3096 638 3151; x_wconf 88' lang='lat' dir='ltr'>eratlu·</span> 
     </span>
     <span class='ocr_line' id='line_1_46' title="bbox 65 3164 638 3240; baseline 0.003 -20"><span class='ocrx_word' id='word_1_239' title='bbox 65 3166 135 3235; x_wconf 82' lang='lat' dir='ltr'>deis,</span> <span class='ocrx_word' id='word_1_240' title='bbox 147 3175 177 3223; x_wconf 92' lang='lat' dir='ltr'>nt</span> <span class='ocrx_word' id='word_1_241' title='bbox 190 3183 277 3240; x_wconf 88' lang='lat' dir='ltr'>quem</span> <span class='ocrx_word' id='word_1_242' title='bbox 293 3171 384 3224; x_wconf 89' lang='lat' dir='ltr'>morte</span> <span class='ocrx_word' id='word_1_243' title='bbox 399 3165 516 3239; x_wconf 84' lang='lat' dir='ltr'>dignum</span> <span class='ocrx_word' id='word_1_244' title='bbox 529 3164 638 3238; x_wconf 91' lang='lat' dir='ltr'>judica·</span> 
     </span>
     <span class='ocr_line' id='line_1_47' title="bbox 64 3237 640 3306; baseline 0.002 -15"><span class='ocrx_word' id='word_1_245' title='bbox 64 3241 262 3306; x_wconf 86' lang='lat' dir='ltr'>rent,rinctnm</span> <span class='ocrx_word' id='word_1_246' title='bbox 274 3237 392 3295; x_wconf 82' lang='lat' dir='ltr'>Praesldi</span> <span class='ocrx_word' id='word_1_247' title='bbox 407 3239 570 3306; x_wconf 86' lang='lat' dir='ltr'>traderent;</span> <span class='ocrx_word' id='word_1_248' title='bbox 585 3241 640 3294; x_wconf 90' lang='lat' dir='ltr'>ter·</span> 
     </span>
     <span class='ocr_line' id='line_1_48' title="bbox 64 3305 638 3386; baseline 0.005 -25"><span class='ocrx_word' id='word_1_249' title='bbox 64 3305 107 3386; x_wconf 81' lang='lat' dir='ltr'>tio,</span> <span class='ocrx_word' id='word_1_250' title='bbox 124 3317 237 3382; x_wconf 87' lang='lat' dir='ltr'>propter</span> <span class='ocrx_word' id='word_1_251' title='bbox 246 3309 424 3383; x_wconf 82' lang='lat' dir='ltr'>mysterium,</span> <span class='ocrx_word' id='word_1_252' title='bbox 437 3308 503 3365; x_wconf 87' lang='lat' dir='ltr'>licet</span> <span class='ocrx_word' id='word_1_253' title='bbox 517 3307 571 3380; x_wconf 91' lang='lat' dir='ltr'>ipsi</span> <span class='ocrx_word' id='word_1_254' title='bbox 584 3309 638 3364; x_wconf 86' lang='lat' dir='ltr'>hue</span> 
     </span>
     <span class='ocr_line' id='line_1_49' title="bbox 65 3379 637 3454; baseline 0.007 -22"><span class='ocrx_word' id='word_1_255' title='bbox 65 3388 230 3448; x_wconf 82' lang='lat' dir='ltr'>ignorarent,</span> <span class='ocrx_word' id='word_1_256' title='bbox 247 3380 316 3454; x_wconf 88' lang='lat' dir='ltr'>quia</span> <span class='ocrx_word' id='word_1_257' title='bbox 337 3379 414 3438; x_wconf 89' lang='lat' dir='ltr'>enim</span> <span class='ocrx_word' id='word_1_258' title='bbox 436 3379 565 3438; x_wconf 83' lang='lat' dir='ltr'>Christus</span> <span class='ocrx_word' id='word_1_259' title='bbox 584 3395 637 3436; x_wconf 90' lang='lat' dir='ltr'>nos</span> 
     </span>
     <span class='ocr_line' id='line_1_50' title="bbox 66 3450 639 3525; baseline 0.003 -19"><span class='ocrx_word' id='word_1_260' title='bbox 66 3452 179 3520; x_wconf 88' lang='lat' dir='ltr'>peccatis</span> <span class='ocrx_word' id='word_1_261' title='bbox 201 3453 316 3525; x_wconf 89' lang='lat' dir='ltr'>ligatos,</span> <span class='ocrx_word' id='word_1_262' title='bbox 334 3457 362 3508; x_wconf 89' lang='lat' dir='ltr'>et</span> <span class='ocrx_word' id='word_1_263' title='bbox 381 3450 410 3508; x_wconf 91' lang='lat' dir='ltr'>in</span> <span class='ocrx_word' id='word_1_264' title='bbox 431 3451 518 3508; x_wconf 89' lang='lat' dir='ltr'>limbo</span> <span class='ocrx_word' id='word_1_265' title='bbox 535 3450 639 3508; x_wconf 83' lang='lat' dir='ltr'>vincu-</span> 
     </span>
     <span class='ocr_line' id='line_1_51' title="bbox 63 3519 637 3594; baseline 0.007 -20"><span class='ocrx_word' id='word_1_266' title='bbox 63 3519 128 3578; x_wconf 88' lang='lat' dir='ltr'>latos</span> <span class='ocrx_word' id='word_1_267' title='bbox 156 3524 262 3582; x_wconf 84' lang='lat' dir='ltr'>solvere</span> <span class='ocrx_word' id='word_1_268' title='bbox 292 3524 424 3591; x_wconf 88' lang='lat' dir='ltr'>debebat,</span> <span class='ocrx_word' id='word_1_269' title='bbox 455 3521 520 3580; x_wconf 87' lang='lat' dir='ltr'>ideo</span> <span class='ocrx_word' id='word_1_270' title='bbox 546 3521 637 3594; x_wconf 87' lang='lat' dir='ltr'>ipsum</span> 
     </span>
     <span class='ocr_line' id='line_1_52' title="bbox 65 3595 640 3668; baseline 0.002 -21"><span class='ocrx_word' id='word_1_271' title='bbox 65 3607 108 3661; x_wconf 91' lang='lat' dir='ltr'>pro</span> <span class='ocrx_word' id='word_1_272' title='bbox 121 3595 200 3652; x_wconf 90' lang='lat' dir='ltr'>nobis</span> <span class='ocrx_word' id='word_1_273' title='bbox 211 3595 294 3667; x_wconf 88' lang='lat' dir='ltr'>ligari</span> <span class='ocrx_word' id='word_1_274' title='bbox 311 3597 471 3668; x_wconf 83' lang='lat' dir='ltr'>oportebat,</span> <span class='ocrx_word' id='word_1_275' title='bbox 486 3595 567 3666; x_wconf 88' lang='lat' dir='ltr'>cujus</span> <span class='ocrx_word' id='word_1_276' title='bbox 580 3595 640 3649; x_wconf 91' lang='lat' dir='ltr'>vin·</span> 
     </span>
     <span class='ocr_line' id='line_1_53' title="bbox 65 3663 639 3738; baseline 0.007 -21"><span class='ocrx_word' id='word_1_277' title='bbox 65 3663 129 3720; x_wconf 91' lang='lat' dir='ltr'>culis</span> <span class='ocrx_word' id='word_1_278' title='bbox 145 3665 256 3723; x_wconf 88' lang='lat' dir='ltr'>liberati</span> <span class='ocrx_word' id='word_1_279' title='bbox 277 3683 384 3724; x_wconf 91' lang='lat' dir='ltr'>sumus.</span> <span class='ocrx_word' id='word_1_280' title='bbox 413 3665 508 3722; x_wconf 84' lang='lat' dir='ltr'>Voluit</span> <span class='ocrx_word' id='word_1_281' title='bbox 535 3664 639 3738; x_wconf 86' lang='lat' dir='ltr'>quippe</span> 
     </span>
     <span class='ocr_line' id='line_1_54' title="bbox 65 3733 640 3814; baseline 0.003 -24"><span class='ocrx_word' id='word_1_282' title='bbox 65 3733 192 3814; x_wconf 77' lang='lat' dir='ltr'>Christus,</span> <span class='ocrx_word' id='word_1_283' title='bbox 204 3742 351 3810; x_wconf 87' lang='lat' dir='ltr'>tamquam</span> <span class='ocrx_word' id='word_1_284' title='bbox 366 3737 439 3794; x_wconf 90' lang='lat' dir='ltr'>latro</span> <span class='ocrx_word' id='word_1_285' title='bbox 454 3737 640 3807; x_wconf 87' lang='lat' dir='ltr'>eomprehen-</span> 
     </span>
     <span class='ocr_line' id='line_1_55' title="bbox 64 3804 639 3884; baseline 0.009 -25"><span class='ocrx_word' id='word_1_286' title='bbox 64 3804 98 3884; x_wconf 84' lang='lat' dir='ltr'>di,</span> <span class='ocrx_word' id='word_1_287' title='bbox 114 3815 141 3862; x_wconf 88' lang='lat' dir='ltr'>et</span> <span class='ocrx_word' id='word_1_288' title='bbox 154 3807 246 3880; x_wconf 80' lang='lat' dir='ltr'>ligari.</span> <span class='ocrx_word' id='word_1_289' title='bbox 264 3812 353 3867; x_wconf 80' lang='lat' dir='ltr'>Adam</span> <span class='ocrx_word' id='word_1_290' title='bbox 373 3811 451 3866; x_wconf 86' lang='lat' dir='ltr'>enim</span> <span class='ocrx_word' id='word_1_291' title='bbox 472 3823 535 3864; x_wconf 89' lang='lat' dir='ltr'>cum</span> <span class='ocrx_word' id='word_1_292' title='bbox 553 3807 639 3864; x_wconf 88' lang='lat' dir='ltr'>latro-</span> 
     </span>
     <span class='ocr_line' id='line_1_56' title="bbox 64 3875 640 3952; baseline 0.003 -20"><span class='ocrx_word' id='word_1_293' title='bbox 64 3875 129 3932; x_wconf 84' lang='lat' dir='ltr'>cinio</span> <span class='ocrx_word' id='word_1_294' title='bbox 152 3879 258 3938; x_wconf 90' lang='lat' dir='ltr'>lurtum</span> <span class='ocrx_word' id='word_1_295' title='bbox 275 3881 427 3940; x_wconf 87' lang='lat' dir='ltr'>commisit.</span> <span class='ocrx_word' id='word_1_296' title='bbox 454 3881 567 3951; x_wconf 86' lang='lat' dir='ltr'>quando</span> <span class='ocrx_word' id='word_1_297' title='bbox 582 3895 640 3952; x_wconf 92' lang='lat' dir='ltr'>po-</span> 
     </span>
     <span class='ocr_line' id='line_1_57' title="bbox 67 3949 641 4018; baseline 0.009 -16"><span class='ocrx_word' id='word_1_298' title='bbox 67 3961 137 4004; x_wconf 91' lang='lat' dir='ltr'>mum</span> <span class='ocrx_word' id='word_1_299' title='bbox 158 3950 210 4008; x_wconf 89' lang='lat' dir='ltr'>sibi</span> <span class='ocrx_word' id='word_1_300' title='bbox 237 3951 355 4009; x_wconf 86' lang='lat' dir='ltr'>vetitum</span> <span class='ocrx_word' id='word_1_301' title='bbox 379 3949 550 4018; x_wconf 80' lang='lat' dir='ltr'>attrectavit,</span> <span class='ocrx_word' id='word_1_302' title='bbox 575 3965 641 4007; x_wconf 90' lang='lat' dir='ltr'>nam</span> 
     </span>
     <span class='ocr_line' id='line_1_58' title="bbox 66 4016 640 4100; baseline 0.007 -26"><span class='ocrx_word' id='word_1_303' title='bbox 66 4016 162 4100; x_wconf 77' lang='lat' dir='ltr'>lurtum</span> <span class='ocrx_word' id='word_1_304' title='bbox 184 4027 227 4079; x_wconf 89' lang='lat' dir='ltr'>est</span> <span class='ocrx_word' id='word_1_305' title='bbox 253 4021 439 4080; x_wconf 83' lang='lat' dir='ltr'>contrectatio</span> <span class='ocrx_word' id='word_1_306' title='bbox 464 4021 506 4078; x_wconf 87' lang='lat' dir='ltr'>rei</span> <span class='ocrx_word' id='word_1_307' title='bbox 525 4020 640 4091; x_wconf 84' lang='lat' dir='ltr'>alienae,</span> 
     </span>
     <span class='ocr_line' id='line_1_59' title="bbox 65 4092 641 4166; baseline 0.014 -24"><span class='ocrx_word' id='word_1_308' title='bbox 65 4096 145 4147; x_wconf 82' lang='lat' dir='ltr'>inrito</span> <span class='ocrx_word' id='word_1_309' title='bbox 163 4093 277 4150; x_wconf 89' lang='lat' dir='ltr'>domino</span> <span class='ocrx_word' id='word_1_310' title='bbox 295 4113 302 4162; x_wconf 90' lang='lat'>;</span> <span class='ocrx_word' id='word_1_311' title='bbox 322 4099 351 4152; x_wconf 86' lang='lat' dir='ltr'>et</span> <span class='ocrx_word' id='word_1_312' title='bbox 372 4095 457 4166; x_wconf 74' lang='lat' dir='ltr'>buiris</span> <span class='ocrx_word' id='word_1_313' title='bbox 476 4092 518 4149; x_wconf 90' lang='lat' dir='ltr'>rel</span> <span class='ocrx_word' id='word_1_314' title='bbox 538 4107 641 4162; x_wconf 89' lang='lat' dir='ltr'>causa,</span> 
     </span>
     <span class='ocr_line' id='line_1_60' title="bbox 67 4163 642 4236; baseline 0.007 -21"><span class='ocrx_word' id='word_1_315' title='bbox 67 4163 148 4219; x_wconf 91' lang='lat' dir='ltr'>totum</span> <span class='ocrx_word' id='word_1_316' title='bbox 176 4181 266 4236; x_wconf 88' lang='lat' dir='ltr'>genus</span> <span class='ocrx_word' id='word_1_317' title='bbox 293 4167 453 4224; x_wconf 90' lang='lat' dir='ltr'>humanum</span> <span class='ocrx_word' id='word_1_318' title='bbox 483 4181 501 4222; x_wconf 92' lang='lat' dir='ltr'>a</span> <span class='ocrx_word' id='word_1_319' title='bbox 527 4165 642 4221; x_wconf 86' lang='lat' dir='ltr'>diabolo</span> 
     </span>
     <span class='ocr_line' id='line_1_61' title="bbox 67 4234 642 4310; baseline 0.003 -21"><span class='ocrx_word' id='word_1_320' title='bbox 67 4237 288 4305; x_wconf 72' lang='lat' dir='ltr'>comprehensum</span> <span class='ocrx_word' id='word_1_321' title='bbox 321 4240 471 4296; x_wconf 87' lang='lat' dir='ltr'>tenebatur</span> <span class='ocrx_word' id='word_1_322' title='bbox 500 4234 642 4310; x_wconf 87' lang='lat' dir='ltr'>ligatum,</span> 
     </span>
     <span class='ocr_line' id='line_1_62' title="bbox 67 4307 642 4426; baseline 0.007 -68"><span class='ocrx_word' id='word_1_323' title='bbox 67 4307 195 4426; x_wconf 77' lang='lat' dir='ltr'>pmcujus</span> <span class='ocrx_word' id='word_1_324' title='bbox 204 4307 394 4366; x_wconf 79' lang='lat' dir='ltr'>satisfactione</span> <span class='ocrx_word' id='word_1_325' title='bbox 404 4311 486 4367; x_wconf 84' lang='lat' dir='ltr'>lesus</span> <span class='ocrx_word' id='word_1_326' title='bbox 496 4313 642 4379; x_wconf 88' lang='lat' dir='ltr'>tamquam</span> 
     </span>
     <span class='ocr_line' id='line_1_63' title="bbox 77 4378 642 4456; baseline 0.009 -27"><span class='ocrx_word' id='word_1_327' title='bbox 77 4379 132 4432; x_wconf 88' lang='lat' dir='ltr'>atro</span> <span class='ocrx_word' id='word_1_328' title='bbox 149 4379 235 4436; x_wconf 79' lang='lat' dir='ltr'>voluit</span> <span class='ocrx_word' id='word_1_329' title='bbox 249 4379 464 4456; x_wconf 86' lang='lat' dir='ltr'>comprehendi,</span> <span class='ocrx_word' id='word_1_330' title='bbox 475 4378 524 4453; x_wconf 84' lang='lat' dir='ltr'>qui</span> <span class='ocrx_word' id='word_1_331' title='bbox 537 4381 642 4437; x_wconf 92' lang='lat' dir='ltr'>incom-</span> 
     </span>
    </p>
   </div>
   <div class='ocr_carea' id='block_1_8' title="bbox 688 1091 1281 4451">
    <p class='ocr_par' dir='ltr' id='par_1_10' title="bbox 688 1091 1277 2093">
     <span class='ocr_line' id='line_1_64' title="bbox 688 1091 1272 1163; baseline 0 -13"><span class='ocrx_word' id='word_1_332' title='bbox 688 1093 782 1151; x_wconf 90' lang='lat' dir='ltr'>minus</span> <span class='ocrx_word' id='word_1_333' title='bbox 794 1098 839 1150; x_wconf 88' lang='lat' dir='ltr'>ter</span> <span class='ocrx_word' id='word_1_334' title='bbox 852 1091 971 1162; x_wconf 86' lang='lat' dir='ltr'>ligatus:</span> <span class='ocrx_word' id='word_1_335' title='bbox 985 1095 1088 1163; x_wconf 89' lang='lat' dir='ltr'>primo,</span> <span class='ocrx_word' id='word_1_336' title='bbox 1101 1095 1195 1148; x_wconf 88' lang='lat' dir='ltr'>statim</span> <span class='ocrx_word' id='word_1_337' title='bbox 1209 1109 1272 1150; x_wconf 91' lang='lat' dir='ltr'>cum</span> 
     </span>
     <span class='ocr_line' id='line_1_65' title="bbox 688 1163 1273 1236; baseline 0 -14"><span class='ocrx_word' id='word_1_338' title='bbox 688 1173 787 1236; x_wconf 84' lang='lat' dir='ltr'>eaptus</span> <span class='ocrx_word' id='word_1_339' title='bbox 805 1169 878 1222; x_wconf 88' lang='lat' dir='ltr'>esset</span> <span class='ocrx_word' id='word_1_340' title='bbox 896 1163 925 1220; x_wconf 91' lang='lat' dir='ltr'>in</span> <span class='ocrx_word' id='word_1_341' title='bbox 941 1166 1022 1220; x_wconf 91' lang='lat' dir='ltr'>horto</span> <span class='ocrx_word' id='word_1_342' title='bbox 1038 1163 1230 1233; x_wconf 83' lang='lat' dir='ltr'>Gethsemani,</span> <span class='ocrx_word' id='word_1_343' title='bbox 1245 1171 1273 1222; x_wconf 86' lang='lat' dir='ltr'>at</span> 
     </span>
     <span class='ocr_line' id='line_1_66' title="bbox 688 1235 1272 1308; baseline -0.003 -14"><span class='ocrx_word' id='word_1_344' title='bbox 688 1239 839 1294; x_wconf 86' lang='lat' dir='ltr'>duceretur</span> <span class='ocrx_word' id='word_1_345' title='bbox 857 1237 891 1292; x_wconf 93' lang='lat' dir='ltr'>ad</span> <span class='ocrx_word' id='word_1_346' title='bbox 905 1237 1030 1308; x_wconf 74' lang='lat' dir='ltr'>Annam3</span> <span class='ocrx_word' id='word_1_347' title='bbox 1055 1235 1190 1300; x_wconf 72' lang='lat' dir='ltr'>moundo,</span> <span class='ocrx_word' id='word_1_348' title='bbox 1208 1253 1272 1294; x_wconf 88' lang='lat' dir='ltr'>cum</span> 
     </span>
     <span class='ocr_line' id='line_1_67' title="bbox 688 1305 1271 1376; baseline -0.002 -11"><span class='ocrx_word' id='word_1_349' title='bbox 688 1309 724 1365; x_wconf 91' lang='lat' dir='ltr'>de</span> <span class='ocrx_word' id='word_1_350' title='bbox 738 1311 822 1365; x_wconf 83' lang='lat' dir='ltr'>Anna</span> <span class='ocrx_word' id='word_1_351' title='bbox 836 1307 989 1364; x_wconf 88' lang='lat' dir='ltr'>duceretur</span> <span class='ocrx_word' id='word_1_352' title='bbox 999 1309 1035 1363; x_wconf 90' lang='lat' dir='ltr'>ad</span> <span class='ocrx_word' id='word_1_353' title='bbox 1045 1305 1181 1372; x_wconf 79' lang='lat' dir='ltr'>caipham</span> <span class='ocrx_word' id='word_1_354' title='bbox 1193 1325 1200 1376; x_wconf 91' lang='lat'>;</span> <span class='ocrx_word' id='word_1_355' title='bbox 1214 1312 1271 1364; x_wconf 87' lang='lat' dir='ltr'>ter-</span> 
     </span>
     <span class='ocr_line' id='line_1_68' title="bbox 688 1377 1273 1451; baseline -0.002 -15"><span class='ocrx_word' id='word_1_356' title='bbox 688 1379 738 1448; x_wconf 90' lang='lat' dir='ltr'>tio,</span> <span class='ocrx_word' id='word_1_357' title='bbox 756 1395 819 1436; x_wconf 92' lang='lat' dir='ltr'>cum</span> <span class='ocrx_word' id='word_1_358' title='bbox 839 1379 991 1436; x_wconf 87' lang='lat' dir='ltr'>duceretur</span> <span class='ocrx_word' id='word_1_359' title='bbox 1005 1377 1040 1434; x_wconf 92' lang='lat' dir='ltr'>de</span> <span class='ocrx_word' id='word_1_360' title='bbox 1056 1377 1163 1451; x_wconf 87' lang='lat' dir='ltr'>Caipha</span> <span class='ocrx_word' id='word_1_361' title='bbox 1176 1379 1212 1435; x_wconf 88' lang='lat' dir='ltr'>ad</span> <span class='ocrx_word' id='word_1_362' title='bbox 1231 1377 1273 1435; x_wconf 88' lang='lat' dir='ltr'>Pi-</span> 
     </span>
     <span class='ocr_line' id='line_1_69' title="bbox 689 1449 1272 1522; baseline 0 -15"><span class='ocrx_word' id='word_1_363' title='bbox 689 1451 787 1519; x_wconf 88' lang='lat' dir='ltr'>latum,</span> <span class='ocrx_word' id='word_1_364' title='bbox 811 1466 950 1521; x_wconf 82' lang='lat' dir='ltr'>namque,</span> <span class='ocrx_word' id='word_1_365' title='bbox 976 1449 1132 1506; x_wconf 88' lang='lat' dir='ltr'>secundnm</span> <span class='ocrx_word' id='word_1_366' title='bbox 1156 1451 1272 1522; x_wconf 76' lang='lat' dir='ltr'>hedam,</span> 
     </span>
     <span class='ocr_line' id='line_1_70' title="bbox 689 1521 1273 1596; baseline 0 -17"><span class='ocrx_word' id='word_1_367' title='bbox 689 1522 781 1596; x_wconf 89' lang='lat' dir='ltr'>potuit</span> <span class='ocrx_word' id='word_1_368' title='bbox 797 1521 868 1587; x_wconf 84' lang='lat' dir='ltr'>fieri,</span> <span class='ocrx_word' id='word_1_369' title='bbox 885 1521 968 1578; x_wconf 86' lang='lat' dir='ltr'>ulad</span> <span class='ocrx_word' id='word_1_370' title='bbox 983 1522 1083 1577; x_wconf 91' lang='lat' dir='ltr'>horam</span> <span class='ocrx_word' id='word_1_371' title='bbox 1099 1522 1273 1591; x_wconf 87' lang='lat' dir='ltr'>solveretur,</span> 
     </span>
     <span class='ocr_line' id='line_1_71' title="bbox 689 1593 1275 1665; baseline 0.009 -19"><span class='ocrx_word' id='word_1_372' title='bbox 689 1601 830 1651; x_wconf 65' lang='lat' dir='ltr'>‹ucttenus</span> <span class='ocrx_word' id='word_1_373' title='bbox 852 1593 1054 1661; x_wconf 85' lang='lat' dir='ltr'>discuteretur,</span> <span class='ocrx_word' id='word_1_374' title='bbox 1075 1599 1184 1665; x_wconf 87' lang='lat' dir='ltr'>etpost</span> <span class='ocrx_word' id='word_1_375' title='bbox 1211 1594 1275 1651; x_wconf 85' lang='lat' dir='ltr'>haee</span> 
     </span>
     <span class='ocr_line' id='line_1_72' title="bbox 689 1612 1272 1736; baseline -0.003 -14"><span class='ocrx_word' id='word_1_376' title='bbox 689 1612 835 1723; x_wconf 69' lang='lat' dir='ltr'>‹liscussus</span> <span class='ocrx_word' id='word_1_377' title='bbox 856 1663 960 1721; x_wconf 89' lang='lat' dir='ltr'>iterum</span> <span class='ocrx_word' id='word_1_378' title='bbox 978 1665 1135 1735; x_wconf 83' lang='lat' dir='ltr'>ligarotnr3</span> <span class='ocrx_word' id='word_1_379' title='bbox 1161 1673 1272 1736; x_wconf 84' lang='lat' dir='ltr'>quarto,</span> 
     </span>
     <span class='ocr_line' id='line_1_73' title="bbox 688 1735 1273 1810; baseline 0.002 -17"><span class='ocrx_word' id='word_1_380' title='bbox 688 1742 782 1810; x_wconf 88' lang='lat' dir='ltr'>potest</span> <span class='ocrx_word' id='word_1_381' title='bbox 793 1737 869 1794; x_wconf 89' lang='lat' dir='ltr'>addi.</span> <span class='ocrx_word' id='word_1_382' title='bbox 885 1737 960 1808; x_wconf 91' lang='lat' dir='ltr'>qnod</span> <span class='ocrx_word' id='word_1_383' title='bbox 986 1735 1071 1792; x_wconf 91' lang='lat' dir='ltr'>etiam</span> <span class='ocrx_word' id='word_1_384' title='bbox 1085 1735 1221 1794; x_wconf 89' lang='lat' dir='ltr'>Dominus</span> <span class='ocrx_word' id='word_1_385' title='bbox 1238 1735 1273 1794; x_wconf 91' lang='lat' dir='ltr'>li·</span> 
     </span>
     <span class='ocr_line' id='line_1_74' title="bbox 689 1807 1276 1882; baseline 0.002 -18"><span class='ocrx_word' id='word_1_386' title='bbox 689 1815 771 1880; x_wconf 85' lang='lat' dir='ltr'>gatus</span> <span class='ocrx_word' id='word_1_387' title='bbox 784 1807 837 1864; x_wconf 91' lang='lat' dir='ltr'>luit</span> <span class='ocrx_word' id='word_1_388' title='bbox 849 1809 886 1866; x_wconf 92' lang='lat' dir='ltr'>ad</span> <span class='ocrx_word' id='word_1_389' title='bbox 896 1807 1058 1864; x_wconf 90' lang='lat' dir='ltr'>columnam</span> <span class='ocrx_word' id='word_1_390' title='bbox 1072 1823 1136 1864; x_wconf 90' lang='lat' dir='ltr'>cum</span> <span class='ocrx_word' id='word_1_391' title='bbox 1151 1809 1276 1882; x_wconf 88' lang='lat' dir='ltr'>llagella·</span> 
     </span>
     <span class='ocr_line' id='line_1_75' title="bbox 689 1878 1274 1950; baseline 0.005 -15"><span class='ocrx_word' id='word_1_392' title='bbox 689 1887 777 1948; x_wconf 86' lang='lat' dir='ltr'>retur,</span> <span class='ocrx_word' id='word_1_393' title='bbox 790 1879 855 1936; x_wconf 87' lang='lat' dir='ltr'>licet</span> <span class='ocrx_word' id='word_1_394' title='bbox 870 1881 923 1936; x_wconf 91' lang='lat' dir='ltr'>hoc</span> <span class='ocrx_word' id='word_1_395' title='bbox 938 1878 967 1936; x_wconf 92' lang='lat' dir='ltr'>in</span> <span class='ocrx_word' id='word_1_396' title='bbox 980 1879 1132 1950; x_wconf 82' lang='lat' dir='ltr'>Evangelio</span> <span class='ocrx_word' id='word_1_397' title='bbox 1150 1895 1208 1936; x_wconf 92' lang='lat' dir='ltr'>non</span> <span class='ocrx_word' id='word_1_398' title='bbox 1226 1897 1274 1938; x_wconf 88' lang='lat' dir='ltr'>ex·</span> 
     </span>
     <span class='ocr_line' id='line_1_76' title="bbox 689 1950 1277 2025; baseline 0.003 -19"><span class='ocrx_word' id='word_1_399' title='bbox 689 1951 844 2025; x_wconf 63' lang='lat' dir='ltr'>primatum</span> <span class='ocrx_word' id='word_1_400' title='bbox 861 1950 977 2023; x_wconf 90' lang='lat' dir='ltr'>insuper</span> <span class='ocrx_word' id='word_1_401' title='bbox 989 1950 1018 2006; x_wconf 93' lang='lat' dir='ltr'>in</span> <span class='ocrx_word' id='word_1_402' title='bbox 1030 1967 1112 2007; x_wconf 88' lang='lat' dir='ltr'>cruce</span> <span class='ocrx_word' id='word_1_403' title='bbox 1125 1950 1211 2008; x_wconf 86' lang='lat' dir='ltr'>elaris</span> <span class='ocrx_word' id='word_1_404' title='bbox 1223 1951 1277 2008; x_wconf 88' lang='lat' dir='ltr'>luit</span> 
     </span>
     <span class='ocr_line' id='line_1_77' title="bbox 691 2022 1130 2093; baseline 0 -14"><span class='ocrx_word' id='word_1_405' title='bbox 691 2022 812 2092; x_wconf 81' lang='lat' dir='ltr'>vinctus,</span> <span class='ocrx_word' id='word_1_406' title='bbox 827 2027 855 2080; x_wconf 88' lang='lat' dir='ltr'>et</span> <span class='ocrx_word' id='word_1_407' title='bbox 870 2022 911 2079; x_wconf 87' lang='lat' dir='ltr'>sie</span> <span class='ocrx_word' id='word_1_408' title='bbox 922 2022 1007 2078; x_wconf 87' lang='lat' dir='ltr'>etiam</span> <span class='ocrx_word' id='word_1_409' title='bbox 1016 2022 1130 2093; x_wconf 87' lang='lat' dir='ltr'>ligatus.</span> 
     </span>
    </p>

    <p class='ocr_par' dir='ltr' id='par_1_11' title="bbox 690 2095 1281 4451">
     <span class='ocr_line' id='line_1_78' title="bbox 727 2095 1275 2162; baseline 0 -10"><span class='ocrx_word' id='word_1_410' title='bbox 727 2100 761 2162; x_wconf 78' lang='lat' dir='ltr'>ad</span> <span class='ocrx_word' id='word_1_411' title='bbox 776 2095 901 2162; x_wconf 84' lang='lat' dir='ltr'>Qnruonn</span> <span class='ocrx_word' id='word_1_412' title='bbox 913 2111 1073 2150; x_wconf 81' lang='lat' dir='ltr'>nocnxenrx</span> <span class='ocrx_word' id='word_1_413' title='bbox 1089 2112 1275 2152; x_wconf 74' lang='lat' dir='ltr'>exscensione</span> 
     </span>
     <span class='ocr_line' id='line_1_79' title="bbox 692 2168 1278 2235; baseline 0.003 -13"><span class='ocrx_word' id='word_1_414' title='bbox 692 2168 804 2235; x_wconf 85' lang='lat' dir='ltr'>Dorum,</span> <span class='ocrx_word' id='word_1_415' title='bbox 820 2183 902 2222; x_wconf 76' lang='lat' dir='ltr'>xmus</span> <span class='ocrx_word' id='word_1_416' title='bbox 919 2183 1150 2222; x_wconf 73' lang='lat' dir='ltr'>coxronxxrroms</span> <span class='ocrx_word' id='word_1_417' title='bbox 1166 2185 1198 2222; x_wconf 84' lang='lat' dir='ltr'>nr</span> <span class='ocrx_word' id='word_1_418' title='bbox 1213 2185 1278 2224; x_wconf 80' lang='lat' dir='ltr'>oua-</span> 
     </span>
     <span class='ocr_line' id='line_1_80' title="bbox 690 2236 1277 2308; baseline 0.003 -14"><span class='ocrx_word' id='word_1_419' title='bbox 690 2256 745 2294; x_wconf 88' lang='lat' dir='ltr'>mo.</span> <span class='ocrx_word' id='word_1_420' title='bbox 760 2267 794 2279; x_wconf 94' lang='lat'>-</span> <span class='ocrx_word' id='word_1_421' title='bbox 807 2239 845 2294; x_wconf 84' lang='lat' dir='ltr'>Ex</span> <span class='ocrx_word' id='word_1_422' title='bbox 856 2237 911 2293; x_wconf 89' lang='lat' dir='ltr'>hoe</span> <span class='ocrx_word' id='word_1_423' title='bbox 924 2236 1043 2293; x_wconf 89' lang='lat' dir='ltr'>articulo</span> <span class='ocrx_word' id='word_1_424' title='bbox 1053 2238 1205 2294; x_wconf 91' lang='lat' dir='ltr'>trahuntur</span> <span class='ocrx_word' id='word_1_425' title='bbox 1217 2238 1277 2308; x_wconf 92' lang='lat' dir='ltr'>plu-</span> 
     </span>
     <span class='ocr_line' id='line_1_81' title="bbox 691 2306 1275 2378; baseline 0 -12"><span class='ocrx_word' id='word_1_426' title='bbox 691 2325 724 2366; x_wconf 90' lang='lat' dir='ltr'>ra</span> <span class='ocrx_word' id='word_1_427' title='bbox 740 2309 911 2366; x_wconf 84' lang='lat' dir='ltr'>documenta</span> <span class='ocrx_word' id='word_1_428' title='bbox 924 2306 1059 2365; x_wconf 87' lang='lat' dir='ltr'>salubria.</span> <span class='ocrx_word' id='word_1_429' title='bbox 1079 2309 1205 2366; x_wconf 90' lang='lat' dir='ltr'>Primum</span> <span class='ocrx_word' id='word_1_430' title='bbox 1221 2315 1275 2378; x_wconf 85' lang='lat' dir='ltr'>est,</span> 
     </span>
     <span class='ocr_line' id='line_1_82' title="bbox 691 2379 1277 2453; baseline 0.003 -17"><span class='ocrx_word' id='word_1_431' title='bbox 691 2379 758 2453; x_wconf 87' lang='lat' dir='ltr'>quia</span> <span class='ocrx_word' id='word_1_432' title='bbox 773 2379 961 2436; x_wconf 87' lang='lat' dir='ltr'>sicutdictnm</span> <span class='ocrx_word' id='word_1_433' title='bbox 977 2383 1031 2447; x_wconf 86' lang='lat' dir='ltr'>est,</span> <span class='ocrx_word' id='word_1_434' title='bbox 1043 2380 1179 2437; x_wconf 89' lang='lat' dir='ltr'>Dominus</span> <span class='ocrx_word' id='word_1_435' title='bbox 1194 2380 1277 2453; x_wconf 89' lang='lat' dir='ltr'>ligari</span> 
     </span>
     <span class='ocr_line' id='line_1_83' title="bbox 691 2452 1276 2579; baseline 0.005 -73"><span class='ocrx_word' id='word_1_436' title='bbox 691 2452 790 2520; x_wconf 84' lang='lat' dir='ltr'>voluit,</span> <span class='ocrx_word' id='word_1_437' title='bbox 800 2457 830 2508; x_wconf 89' lang='lat' dir='ltr'>ut</span> <span class='ocrx_word' id='word_1_438' title='bbox 845 2453 906 2579; x_wconf 74' lang='lat' dir='ltr'>ipse</span> <span class='ocrx_word' id='word_1_439' title='bbox 919 2457 1102 2524; x_wconf 88' lang='lat' dir='ltr'>peccatorum</span> <span class='ocrx_word' id='word_1_440' title='bbox 1112 2457 1276 2509; x_wconf 87' lang='lat' dir='ltr'>nostrorum</span> 
     </span>
     <span class='ocr_line' id='line_1_84' title="bbox 692 2523 1277 2592; baseline 0.005 -14"><span class='ocrx_word' id='word_1_441' title='bbox 692 2523 804 2580; x_wconf 88' lang='lat' dir='ltr'>vincula</span> <span class='ocrx_word' id='word_1_442' title='bbox 818 2539 849 2580; x_wconf 92' lang='lat' dir='ltr'>so</span> <span class='ocrx_word' id='word_1_443' title='bbox 863 2529 959 2592; x_wconf 84' lang='lat' dir='ltr'>veret;</span> <span class='ocrx_word' id='word_1_444' title='bbox 980 2523 1045 2580; x_wconf 89' lang='lat' dir='ltr'>ideo</span> <span class='ocrx_word' id='word_1_445' title='bbox 1071 2539 1122 2580; x_wconf 90' lang='lat' dir='ltr'>nos</span> <span class='ocrx_word' id='word_1_446' title='bbox 1140 2523 1277 2582; x_wconf 86' lang='lat' dir='ltr'>debemus</span> 
     </span>
     <span class='ocr_line' id='line_1_85' title="bbox 692 2593 1278 2666; baseline 0.003 -15"><span class='ocrx_word' id='word_1_447' title='bbox 692 2611 754 2652; x_wconf 87' lang='lat' dir='ltr'>esse</span> <span class='ocrx_word' id='word_1_448' title='bbox 762 2595 835 2666; x_wconf 83' lang='lat' dir='ltr'>grati</span> <span class='ocrx_word' id='word_1_449' title='bbox 846 2596 881 2652; x_wconf 91' lang='lat' dir='ltr'>de</span> <span class='ocrx_word' id='word_1_450' title='bbox 890 2593 1029 2652; x_wconf 85' lang='lat' dir='ltr'>solutione</span> <span class='ocrx_word' id='word_1_451' title='bbox 1041 2601 1149 2662; x_wconf 89' lang='lat' dir='ltr'>nostra,</span> <span class='ocrx_word' id='word_1_452' title='bbox 1161 2605 1190 2651; x_wconf 87' lang='lat' dir='ltr'>et</span> <span class='ocrx_word' id='word_1_453' title='bbox 1198 2612 1278 2653; x_wconf 86' lang='lat' dir='ltr'>cave-</span> 
     </span>
     <span class='ocr_line' id='line_1_86' title="bbox 692 2665 1277 2740; baseline 0.003 -18"><span class='ocrx_word' id='word_1_454' title='bbox 692 2683 776 2735; x_wconf 88' lang='lat' dir='ltr'>re,ne</span> <span class='ocrx_word' id='word_1_455' title='bbox 786 2683 883 2723; x_wconf 90' lang='lat' dir='ltr'>rursus</span> <span class='ocrx_word' id='word_1_456' title='bbox 891 2683 955 2722; x_wconf 88' lang='lat' dir='ltr'>eum</span> <span class='ocrx_word' id='word_1_457' title='bbox 967 2665 1070 2722; x_wconf 84' lang='lat' dir='ltr'>nostris</span> <span class='ocrx_word' id='word_1_458' title='bbox 1079 2669 1202 2738; x_wconf 88' lang='lat' dir='ltr'>peccatis</span> <span class='ocrx_word' id='word_1_459' title='bbox 1211 2667 1277 2740; x_wconf 90' lang='lat' dir='ltr'>lige·</span> 
     </span>
     <span class='ocr_line' id='line_1_87' title="bbox 693 2736 1277 2810; baseline 0.003 -16"><span class='ocrx_word' id='word_1_460' title='bbox 693 2754 767 2807; x_wconf 77' lang='lat' dir='ltr'>mue,</span> <span class='ocrx_word' id='word_1_461' title='bbox 781 2739 855 2810; x_wconf 91' lang='lat' dir='ltr'>quod</span> <span class='ocrx_word' id='word_1_462' title='bbox 873 2736 905 2793; x_wconf 90' lang='lat' dir='ltr'>llt</span> <span class='ocrx_word' id='word_1_463' title='bbox 920 2737 1154 2809; x_wconf 85' lang='lat' dir='ltr'>quotiescumque</span> <span class='ocrx_word' id='word_1_464' title='bbox 1172 2747 1277 2796; x_wconf 74' lang='lat' dir='ltr'>mttrta-</span> 
     </span>
     <span class='ocr_line' id='line_1_88' title="bbox 692 2808 1278 2882; baseline 0.002 -17"><span class='ocrx_word' id='word_1_465' title='bbox 692 2808 1278 2882; x_wconf 76' lang='lat' dir='ltr'>literpeccamus.Manrrsetiamchristivi-</span> 
     </span>
     <span class='ocr_line' id='line_1_89' title="bbox 692 2880 1277 2952; baseline 0.002 -16"><span class='ocrx_word' id='word_1_466' title='bbox 692 2881 798 2937; x_wconf 85' lang='lat' dir='ltr'>dentur</span> <span class='ocrx_word' id='word_1_467' title='bbox 807 2897 870 2938; x_wconf 88' lang='lat' dir='ltr'>cum</span> <span class='ocrx_word' id='word_1_468' title='bbox 886 2881 1000 2936; x_wconf 92' lang='lat' dir='ltr'>lunibus</span> <span class='ocrx_word' id='word_1_469' title='bbox 1012 2885 1191 2952; x_wconf 89' lang='lat' dir='ltr'>peccatorum</span> <span class='ocrx_word' id='word_1_470' title='bbox 1202 2880 1277 2937; x_wconf 85' lang='lat' dir='ltr'>colli·</span> 
     </span>
     <span class='ocr_line' id='line_1_90' title="bbox 692 2951 1279 3025; baseline 0.003 -17"><span class='ocrx_word' id='word_1_471' title='bbox 692 2968 771 3025; x_wconf 89' lang='lat' dir='ltr'>gare,</span> <span class='ocrx_word' id='word_1_472' title='bbox 781 2951 828 3023; x_wconf 89' lang='lat' dir='ltr'>qui</span> <span class='ocrx_word' id='word_1_473' title='bbox 840 2967 898 3008; x_wconf 94' lang='lat' dir='ltr'>non</span> <span class='ocrx_word' id='word_1_474' title='bbox 907 2951 1100 3022; x_wconf 88' lang='lat' dir='ltr'>creduntDeo,</span> <span class='ocrx_word' id='word_1_475' title='bbox 1108 2952 1183 3024; x_wconf 79' lang='lat' dir='ltr'>quod</span> <span class='ocrx_word' id='word_1_476' title='bbox 1189 2952 1279 3025; x_wconf 87' lang='lat' dir='ltr'>possit</span> 
     </span>
     <span class='ocr_line' id='line_1_91' title="bbox 692 3021 1278 3081; baseline 0 -1"><span class='ocrx_word' id='word_1_477' title='bbox 692 3023 734 3080; x_wconf 88' lang='lat' dir='ltr'>eis</span> <span class='ocrx_word' id='word_1_478' title='bbox 744 3021 907 3080; x_wconf 89' lang='lat' dir='ltr'>necessaria</span> <span class='ocrx_word' id='word_1_479' title='bbox 922 3023 1101 3080; x_wconf 78' lang='lat' dir='ltr'>suadere-</span> <span class='ocrx_word' id='word_1_480' title='bbox 1117 3025 1278 3081; x_wconf 87' lang='lat' dir='ltr'>secundum</span> 
     </span>
     <span class='ocr_line' id='line_1_92' title="bbox 692 3093 1279 3176; baseline 0.003 -26"><span class='ocrx_word' id='word_1_481' title='bbox 692 3099 745 3162; x_wconf 90' lang='lat' dir='ltr'>est,</span> <span class='ocrx_word' id='word_1_482' title='bbox 766 3095 843 3176; x_wconf 86' lang='lat' dir='ltr'>quod</span> <span class='ocrx_word' id='word_1_483' title='bbox 866 3094 995 3150; x_wconf 88' lang='lat' dir='ltr'>Christus</span> <span class='ocrx_word' id='word_1_484' title='bbox 1012 3093 1095 3165; x_wconf 86' lang='lat' dir='ltr'>ligari</span> <span class='ocrx_word' id='word_1_485' title='bbox 1123 3095 1224 3166; x_wconf 81' lang='lat' dir='ltr'>voluit,</span> <span class='ocrx_word' id='word_1_486' title='bbox 1248 3100 1279 3152; x_wconf 84' lang='lat' dir='ltr'>ut</span> 
     </span>
     <span class='ocr_line' id='line_1_93' title="bbox 693 3164 1276 3236; baseline -0.002 -13"><span class='ocrx_word' id='word_1_487' title='bbox 693 3182 746 3223; x_wconf 89' lang='lat' dir='ltr'>nos</span> <span class='ocrx_word' id='word_1_488' title='bbox 764 3164 817 3222; x_wconf 88' lang='lat' dir='ltr'>srbi</span> <span class='ocrx_word' id='word_1_489' title='bbox 844 3165 976 3236; x_wconf 84' lang='lat' dir='ltr'>alligaret</span> <span class='ocrx_word' id='word_1_490' title='bbox 998 3166 1111 3222; x_wconf 85' lang='lat' dir='ltr'>vinculo</span> <span class='ocrx_word' id='word_1_491' title='bbox 1138 3166 1276 3236; x_wconf 87' lang='lat' dir='ltr'>caritatis,</span> 
     </span>
     <span class='ocr_line' id='line_1_94' title="bbox 693 3235 1278 3294; baseline 0.002 -2"><span class='ocrx_word' id='word_1_492' title='bbox 693 3237 768 3293; x_wconf 90' lang='lat' dir='ltr'>unde</span> <span class='ocrx_word' id='word_1_493' title='bbox 787 3237 953 3293; x_wconf 84' lang='lat' dir='ltr'>studeamus</span> <span class='ocrx_word' id='word_1_494' title='bbox 968 3243 997 3292; x_wconf 90' lang='lat' dir='ltr'>et</span> <span class='ocrx_word' id='word_1_495' title='bbox 1017 3252 1068 3292; x_wconf 91' lang='lat' dir='ltr'>nos</span> <span class='ocrx_word' id='word_1_496' title='bbox 1080 3235 1133 3293; x_wconf 87' lang='lat' dir='ltr'>sibi</span> <span class='ocrx_word' id='word_1_497' title='bbox 1150 3243 1208 3292; x_wconf 92' lang='lat' dir='ltr'>tam</span> <span class='ocrx_word' id='word_1_498' title='bbox 1221 3238 1278 3294; x_wconf 92' lang='lat' dir='ltr'>lor·</span> 
     </span>
     <span class='ocr_line' id='line_1_95' title="bbox 693 3306 1278 3378; baseline 0.003 -15"><span class='ocrx_word' id='word_1_499' title='bbox 693 3307 760 3365; x_wconf 89' lang='lat' dir='ltr'>titer</span> <span class='ocrx_word' id='word_1_500' title='bbox 774 3306 891 3364; x_wconf 89' lang='lat' dir='ltr'>caritate</span> <span class='ocrx_word' id='word_1_501' title='bbox 918 3306 1049 3378; x_wconf 85' lang='lat' dir='ltr'>astringi,</span> <span class='ocrx_word' id='word_1_502' title='bbox 1066 3323 1100 3362; x_wconf 85' lang='lat' dir='ltr'>ne</span> <span class='ocrx_word' id='word_1_503' title='bbox 1120 3307 1220 3365; x_wconf 88' lang='lat' dir='ltr'>leviter</span> <span class='ocrx_word' id='word_1_504' title='bbox 1242 3309 1278 3365; x_wconf 90' lang='lat' dir='ltr'>ab</span> 
     </span>
     <span class='ocr_line' id='line_1_96' title="bbox 693 3377 1281 3452; baseline -0.002 -16"><span class='ocrx_word' id='word_1_505' title='bbox 693 3379 755 3452; x_wconf 91' lang='lat' dir='ltr'>ipso</span> <span class='ocrx_word' id='word_1_506' title='bbox 768 3378 905 3452; x_wconf 91' lang='lat' dir='ltr'>possimus</span> <span class='ocrx_word' id='word_1_507' title='bbox 918 3378 1060 3450; x_wconf 78' lang='lat' dir='ltr'>separari3</span> <span class='ocrx_word' id='word_1_508' title='bbox 1074 3377 1136 3451; x_wconf 90' lang='lat' dir='ltr'>ipsa</span> <span class='ocrx_word' id='word_1_509' title='bbox 1146 3377 1220 3435; x_wconf 92' lang='lat' dir='ltr'>enim</span> <span class='ocrx_word' id='word_1_510' title='bbox 1235 3395 1281 3436; x_wconf 86' lang='lat' dir='ltr'>ca-</span> 
     </span>
     <span class='ocr_line' id='line_1_97' title="bbox 693 3448 1278 3521; baseline 0.002 -14"><span class='ocrx_word' id='word_1_511' title='bbox 693 3460 764 3508; x_wconf 77' lang='lat' dir='ltr'>ritas</span> <span class='ocrx_word' id='word_1_512' title='bbox 782 3455 826 3508; x_wconf 88' lang='lat' dir='ltr'>est</span> <span class='ocrx_word' id='word_1_513' title='bbox 840 3449 994 3517; x_wconf 89' lang='lat' dir='ltr'>vinculum,</span> <span class='ocrx_word' id='word_1_514' title='bbox 1007 3448 1102 3521; x_wconf 85' lang='lat' dir='ltr'>inquo</span> <span class='ocrx_word' id='word_1_515' title='bbox 1113 3449 1210 3508; x_wconf 89' lang='lat' dir='ltr'>anima</span> <span class='ocrx_word' id='word_1_516' title='bbox 1221 3453 1278 3508; x_wconf 86' lang='lat' dir='ltr'>Deo</span> 
     </span>
     <span class='ocr_line' id='line_1_98' title="bbox 693 3520 1279 3596; baseline -0.002 -17"><span class='ocrx_word' id='word_1_517' title='bbox 693 3520 1279 3596; x_wconf 82' lang='lat' dir='ltr'>alligatur.—Tertinmdocumentumest,</span> 
     </span>
     <span class='ocr_line' id='line_1_99' title="bbox 694 3593 1281 3665; baseline 0.002 -15"><span class='ocrx_word' id='word_1_518' title='bbox 694 3599 724 3650; x_wconf 90' lang='lat' dir='ltr'>ut</span> <span class='ocrx_word' id='word_1_519' title='bbox 736 3612 787 3650; x_wconf 82' lang='lat' dir='ltr'>nos</span> <span class='ocrx_word' id='word_1_520' title='bbox 795 3593 916 3665; x_wconf 86' lang='lat' dir='ltr'>ligemus</span> <span class='ocrx_word' id='word_1_521' title='bbox 926 3595 1024 3649; x_wconf 88' lang='lat' dir='ltr'>omnia</span> <span class='ocrx_word' id='word_1_522' title='bbox 1033 3595 1161 3650; x_wconf 86' lang='lat' dir='ltr'>membra</span> <span class='ocrx_word' id='word_1_523' title='bbox 1172 3597 1281 3665; x_wconf 74' lang='lat' dir='ltr'>nostra,</span> 
     </span>
     <span class='ocr_line' id='line_1_100' title="bbox 694 3663 1280 3792; baseline 0 -70"><span class='ocrx_word' id='word_1_524' title='bbox 694 3678 723 3722; x_wconf 89' lang='lat' dir='ltr'>et</span> <span class='ocrx_word' id='word_1_525' title='bbox 737 3666 826 3737; x_wconf 88' lang='lat' dir='ltr'>ipsam</span> <span class='ocrx_word' id='word_1_526' title='bbox 844 3665 970 3737; x_wconf 80' lang='lat' dir='ltr'>linguam</span> <span class='ocrx_word' id='word_1_527' title='bbox 987 3663 1099 3722; x_wconf 85' lang='lat' dir='ltr'>lunibns</span> <span class='ocrx_word' id='word_1_528' title='bbox 1119 3671 1280 3792; x_wconf 71' lang='lat' dir='ltr'>praecepto-</span> 
     </span>
     <span class='ocr_line' id='line_1_101' title="bbox 695 3735 1279 3863; baseline -0.002 -70"><span class='ocrx_word' id='word_1_529' title='bbox 695 3753 758 3793; x_wconf 92' lang='lat' dir='ltr'>rum</span> <span class='ocrx_word' id='word_1_530' title='bbox 775 3735 835 3804; x_wconf 88' lang='lat' dir='ltr'>Dei,</span> <span class='ocrx_word' id='word_1_531' title='bbox 852 3753 887 3793; x_wconf 90' lang='lat' dir='ltr'>ne</span> <span class='ocrx_word' id='word_1_532' title='bbox 902 3737 1031 3793; x_wconf 89' lang='lat' dir='ltr'>laxentur</span> <span class='ocrx_word' id='word_1_533' title='bbox 1045 3737 1081 3791; x_wconf 92' lang='lat' dir='ltr'>ad</span> <span class='ocrx_word' id='word_1_534' title='bbox 1100 3735 1195 3863; x_wconf 64' lang='lat' dir='ltr'>aipua</span> <span class='ocrx_word' id='word_1_535' title='bbox 1210 3753 1279 3794; x_wconf 90' lang='lat' dir='ltr'>con·</span> 
     </span>
     <span class='ocr_line' id='line_1_102' title="bbox 694 3806 1280 3880; baseline 0.003 -16"><span class='ocrx_word' id='word_1_536' title='bbox 694 3808 785 3864; x_wconf 89' lang='lat' dir='ltr'>traria</span> <span class='ocrx_word' id='word_1_537' title='bbox 807 3807 911 3864; x_wconf 86' lang='lat' dir='ltr'>divinis</span> <span class='ocrx_word' id='word_1_538' title='bbox 932 3806 1090 3880; x_wconf 84' lang='lat' dir='ltr'>praeccptis,</span> <span class='ocrx_word' id='word_1_539' title='bbox 1110 3823 1143 3864; x_wconf 86' lang='lat' dir='ltr'>re</span> <span class='ocrx_word' id='word_1_540' title='bbox 1177 3807 1280 3866; x_wconf 76' lang='lat' dir='ltr'>divine</span> 
     </span>
     <span class='ocr_line' id='line_1_103' title="bbox 695 3877 1281 3952; baseline 0.007 -20"><span class='ocrx_word' id='word_1_541' title='bbox 695 3877 844 3948; x_wconf 84' lang='lat' dir='ltr'>voluntati,</span> <span class='ocrx_word' id='word_1_542' title='bbox 861 3886 889 3935; x_wconf 94' lang='lat' dir='ltr'>et</span> <span class='ocrx_word' id='word_1_543' title='bbox 903 3877 972 3934; x_wconf 92' lang='lat' dir='ltr'>nihil</span> <span class='ocrx_word' id='word_1_544' title='bbox 988 3894 1149 3952; x_wconf 86' lang='lat' dir='ltr'>operemur,</span> <span class='ocrx_word' id='word_1_545' title='bbox 1174 3885 1223 3936; x_wconf 88' lang='lat' dir='ltr'>aut</span> <span class='ocrx_word' id='word_1_546' title='bbox 1241 3879 1281 3936; x_wconf 94' lang='lat' dir='ltr'>lo-</span> 
     </span>
     <span class='ocr_line' id='line_1_104' title="bbox 695 3950 1280 4022; baseline -0.002 -15"><span class='ocrx_word' id='word_1_547' title='bbox 695 3967 826 4022; x_wconf 81' lang='lat' dir='ltr'>qnamur,</span> <span class='ocrx_word' id='word_1_548' title='bbox 849 3965 905 4022; x_wconf 86' lang='lat' dir='ltr'>quo</span> <span class='ocrx_word' id='word_1_549' title='bbox 921 3952 995 4007; x_wconf 86' lang='lat' dir='ltr'>Deus</span> <span class='ocrx_word' id='word_1_550' title='bbox 1017 3951 1060 4007; x_wconf 83' lang='lat' dir='ltr'>rel</span> <span class='ocrx_word' id='word_1_551' title='bbox 1076 3950 1222 4022; x_wconf 84' lang='lat' dir='ltr'>proximus</span> <span class='ocrx_word' id='word_1_552' title='bbox 1236 3952 1280 4006; x_wconf 90' lang='lat' dir='ltr'>ol·</span> 
     </span>
     <span class='ocr_line' id='line_1_105' title="bbox 695 4021 1281 4090; baseline 0 -12"><span class='ocrx_word' id='word_1_553' title='bbox 695 4023 888 4079; x_wconf 75' lang='lat' dir='ltr'>laudatum-</span> <span class='ocrx_word' id='word_1_554' title='bbox 911 4021 1046 4090; x_wconf 88' lang='lat' dir='ltr'>Quartum</span> <span class='ocrx_word' id='word_1_555' title='bbox 1068 4030 1120 4088; x_wconf 84' lang='lat' dir='ltr'>est,</span> <span class='ocrx_word' id='word_1_556' title='bbox 1141 4029 1174 4078; x_wconf 90' lang='lat' dir='ltr'>ut</span> <span class='ocrx_word' id='word_1_557' title='bbox 1193 4023 1281 4078; x_wconf 89' lang='lat' dir='ltr'>simus</span> 
     </span>
     <span class='ocr_line' id='line_1_106' title="bbox 697 4091 1281 4176; baseline 0 -28"><span class='ocrx_word' id='word_1_558' title='bbox 697 4092 811 4150; x_wconf 83' lang='lat' dir='ltr'>vinculo·</span> <span class='ocrx_word' id='word_1_559' title='bbox 831 4093 964 4150; x_wconf 79' lang='lat' dir='ltr'>fraternae</span> <span class='ocrx_word' id='word_1_560' title='bbox 991 4091 1118 4150; x_wconf 83' lang='lat' dir='ltr'>caritatis</span> <span class='ocrx_word' id='word_1_561' title='bbox 1143 4093 1281 4176; x_wconf 86' lang='lat' dir='ltr'>proximis</span> 
     </span>
     <span class='ocr_line' id='line_1_107' title="bbox 696 4163 1281 4236; baseline -0.003 -14"><span class='ocrx_word' id='word_1_562' title='bbox 696 4163 832 4236; x_wconf 87' lang='lat' dir='ltr'>colligati,</span> <span class='ocrx_word' id='word_1_563' title='bbox 850 4163 888 4221; x_wconf 90' lang='lat' dir='ltr'>ita</span> <span class='ocrx_word' id='word_1_564' title='bbox 903 4172 935 4222; x_wconf 90' lang='lat' dir='ltr'>ut</span> <span class='ocrx_word' id='word_1_565' title='bbox 949 4181 1063 4222; x_wconf 92' lang='lat' dir='ltr'>omnem</span> <span class='ocrx_word' id='word_1_566' title='bbox 1075 4171 1198 4236; x_wconf 82' lang='lat' dir='ltr'>gratiam</span> <span class='ocrx_word' id='word_1_567' title='bbox 1212 4163 1281 4221; x_wconf 84' lang='lat' dir='ltr'>divi-</span> 
     </span>
     <span class='ocr_line' id='line_1_108' title="bbox 696 4236 1279 4308; baseline -0.002 -16"><span class='ocrx_word' id='word_1_568' title='bbox 696 4236 774 4294; x_wconf 90' lang='lat' dir='ltr'>nitus</span> <span class='ocrx_word' id='word_1_569' title='bbox 786 4242 932 4308; x_wconf 85' lang='lat' dir='ltr'>acceptam</span> <span class='ocrx_word' id='word_1_570' title='bbox 944 4236 1109 4293; x_wconf 89' lang='lat' dir='ltr'>studeamus</span> <span class='ocrx_word' id='word_1_571' title='bbox 1118 4239 1160 4293; x_wconf 88' lang='lat' dir='ltr'>eis</span> <span class='ocrx_word' id='word_1_572' title='bbox 1174 4237 1279 4306; x_wconf 89' lang='lat' dir='ltr'>impar-</span> 
     </span>
     <span class='ocr_line' id='line_1_109' title="bbox 697 4306 1281 4390; baseline -0.003 -26"><span class='ocrx_word' id='word_1_573' title='bbox 697 4307 754 4377; x_wconf 89' lang='lat' dir='ltr'>tiri,</span> <span class='ocrx_word' id='word_1_574' title='bbox 763 4307 995 4390; x_wconf 78' lang='lat' dir='ltr'>sionthpostolus</span> <span class='ocrx_word' id='word_1_575' title='bbox 1005 4323 1104 4364; x_wconf 89' lang='lat' dir='ltr'>omnes</span> <span class='ocrx_word' id='word_1_576' title='bbox 1115 4306 1214 4364; x_wconf 82' lang='lat' dir='ltr'>fideles</span> <span class='ocrx_word' id='word_1_577' title='bbox 1226 4307 1281 4362; x_wconf 87' lang='lat' dir='ltr'>hoo</span> 
     </span>
     <span class='ocr_line' id='line_1_110' title="bbox 698 4377 1279 4451; baseline -0.002 -18"><span class='ocrx_word' id='word_1_578' title='bbox 698 4379 810 4437; x_wconf 89' lang='lat' dir='ltr'>vinculo</span> <span class='ocrx_word' id='word_1_579' title='bbox 823 4379 877 4437; x_wconf 81' lang='lat' dir='ltr'>sibi</span> <span class='ocrx_word' id='word_1_580' title='bbox 888 4379 1036 4451; x_wconf 83' lang='lat' dir='ltr'>colligatos</span> <span class='ocrx_word' id='word_1_581' title='bbox 1048 4377 1157 4448; x_wconf 87' lang='lat' dir='ltr'>habuit,</span> <span class='ocrx_word' id='word_1_582' title='bbox 1172 4391 1279 4450; x_wconf 88' lang='lat' dir='ltr'>eosque</span> 
     </span>
    </p>
   </div>
   <div class='ocr_carea' id='block_1_9' title="bbox 0 0 1541 5042">
    <p class='ocr_par' dir='ltr' id='par_1_12' title="bbox 0 0 1541 5042">
     <span class='ocr_line' id='line_1_111' title="bbox 0 0 1541 5042; baseline 0 0"><span class='ocrx_word' id='word_1_583' title='bbox 0 0 1541 5042; x_wconf 95' lang='lat' dir='ltr'> </span> 
     </span>
    </p>
   </div>
  </div>
 </body>
</html>
