2974 5040
270 389 308 441 us
335 387 502 441 suenonis
530 387 703 450 vesensis,
731 388 765 440 ll
794 385 957 442 rlsslolts
986 389 1115 446 ooltlltl.
1264 397 1306 452 tls

80 511 186 564 amare,
215 499 245 552 et
259 493 349 552 clama
373 509 435 551 cnm
454 494 599 551 amaros
624 493 664 552 di·
719 492 906 564 iuten'tiones;
920 494 1161 560 voluitvulnerari
1174 499 1203 560 in
1215 505 1305 563 mani-

80 576 158 627 cente
174 589 181 624 :
200 589 209 614 ·
228 566 334 624 Obooe
347 567 424 630 lesu.
443 581 529 636 quam
543 563 665 623 dulciter
719 565 782 634 bus,
797 570 829 623 ut
855 574 971 624 sanaret
985 577 1098 628 nostras
1112 572 1203 631 molas
1219 579 1248 632 et
1262 592 1306 633 re-

79 655 138 697 cum
153 637 317 696 bominibus
331 643 512 694 conversatus
525 653 565 706 es,
578 653 664 712 quam
719 637 821 694 missas
836 639 1031 710 operationes;
1049 641 1138 700 voluit
1158 645 1303 705 vulnerari

78 714 227 790 magnqet
248 707 494 767 abundantissimo
519 713 560 767 eis
581 708 665 782 lorgi·
718 707 748 766 in
772 708 902 782 pedibus,
928 715 958 768 ot
982 719 1097 770 sanaret
1116 721 1230 774 nostras
1250 719 1304 776 im-

78 788 120 841 tns
133 799 174 852 es,
191 797 278 853 quarn
291 782 362 838 dnra
375 788 405 838 et
422 797 525 854 aspera
546 797 598 854 pro
622 781 663 839 eis
718 781 838 838 mundas
862 787 890 838 et
905 785 1237 854 terrenasalleotionosz
1253 805 1303 848 ro·

94 869 175 912 assus
190 869 234 922 es,
255 853 328 910 dura
348 853 446 921 verba,
462 852 581 912 duriora
599 869 662 911 ver·
718 851 770 909 lnit
783 853 925 910 vulnerari
940 853 1074 928 income,
1087 863 1118 915 nt
1130 866 1245 918 sacraret
1255 877 1303 919 no·

76 871 152 995 Bora,
175 923 333 982 durissima
355 925 447 983 crucis
469 925 629 982 tormentat
647 943 661 979 o
716 922 776 980 nias
805 929 835 982 et
862 941 950 983 ranas
978 928 1182 1001 cogitationem
1212 932 1304 990 voluit

76 1001 133 1056 baec
146 998 320 1055 bernardus.
717 995 854 1068 flagellari
869 1001 899 1054 et
911 997 1053 1056 vulnerari
1069 999 1098 1058 in
1121 1007 1182 1060 toto
1203 1019 1304 1077 corpo·

108 1070 167 1128 tiis
186 1085 307 1127 oumsus
334 1085 461 1126 sausrans
489 1085 521 1125 er
546 1086 662 1126 usseris
716 1083 758 1138 re,
774 1071 805 1126 ut
826 1073 941 1126 sanaret
961 1073 1051 1130 totam
1072 1078 1199 1131 nostram
1214 1077 1303 1134 vitam

75 1159 168 1199 russos
182 1158 232 1199 sss
246 1143 661 1208 nou1sus,orroruanonssu
716 1143 743 1196 et
759 1139 1013 1199 conversationem.
1030 1143 1109 1201 Unde
1122 1148 1300 1204 Bemordus:

75 1231 249 1270 sussum·
265 1211 572 1285 Contemplerisetiam
589 1213 662 1270 bene
717 1210 896 1278 «Meditare.
922 1212 1023 1286 inquit,
1053 1215 1222 1288 positionem
1243 1235 1304 1277 cor·

75 1284 224 1342 Dominum
245 1291 276 1340 et
293 1285 469 1342 salvatorem
490 1289 580 1350 tuum,
599 1284 661 1358 gira
714 1284 791 1367 poris
806 1283 947 1356 crucifixi,
965 1289 993 1342 et
1008 1283 1082 1356 vide,
1099 1287 1122 1346 si
1137 1288 1245 1362 aliquid
1260 1297 1304 1349 est

75 1355 218 1429 etregira‚
235 1355 318 1412 volve
337 1361 366 1412 et
390 1355 515 1425 revolve,
539 1356 660 1413 alatere
714 1371 744 1412 ιιι
774 1371 808 1412 eo
831 1357 906 1428 qood
929 1372 985 1414 non
1001 1363 1115 1430 peroret
1139 1375 1191 1433 pro
1217 1369 1244 1420 te
1265 1361 1303 1420 ad

74 1429 99 1485 io
110 1429 191 1494 latus,
204 1445 221 1486 a
236 1427 336 1500 planta
349 1427 430 1500 pedis
444 1443 534 1500 usque
549 1427 586 1484 ad
600 1444 660 1484 ver·
716 1427 838 1484 Patrem.
858 1426 990 1485 Divinum
1008 1427 1079 1486 illud
1103 1439 1189 1503 eaput
1205 1433 1302 1491 multi·

74 1499 165 1569 tieem,
181 1505 289 1557 elnon
308 1498 436 1556 invenies
453 1498 483 1556 in
503 1514 537 1557 eo
552 1497 659 1557 sanita·
713 1497 778 1571 plici
793 1498 937 1571 spinarum
951 1499 1090 1560 densitate
1111 1502 1301 1586 depreeatur,

74 1575 137 1640 tem,
155 1571 206 1629 sed
231 1569 360 1644 undique
389 1570 527 1641 dolorem,
556 1569 659 1643 ubique
713 1587 803 1640 usque
818 1569 854 1628 ad
868 1571 976 1629 cerebri
999 1573 1219 1632 teneritudinem
1235 1593 1302 1634 con-

75 1659 208 1700 eruorem.
226 1645 291 1700 Non
311 1641 387 1700 euim
412 1647 454 1699 est
474 1641 504 1699 in
524 1658 559 1700 eo
573 1657 659 1700 mem·
713 1642 799 1698 lixum
814 1647 866 1699 est.
885 1643 926 1700 Ad
953 1641 1115 1715 quidhoc?
1134 1647 1174 1703 lto
1191 1647 1302 1706 doleret

74 1715 162 1780 brom,
173 1713 218 1772 vel
240 1731 345 1772 sensus
361 1713 499 1797 corporis,
515 1713 562 1787 qui
579 1731 659 1772 snam
713 1718 798 1786 caput
811 1721 901 1784 tuum,
922 1731 957 1772 oe
974 1721 1025 1773 tua
1044 1716 1242 1777 vulneraretur
1258 1720 1301 1777 in·

74 1785 256 1844 afflictionem
272 1791 301 1843 et
315 1784 523 1856 infirmitatem,
540 1785 583 1842 vel
616 1803 659 1844 as
713 1785 812 1843 tentio.
837 1785 1036 1860 caligaverunt
1055 1787 1083 1846 io
1111 1795 1202 1848 morte
1227 1790 1302 1848 oculi

75 1859 178 1915 sionem
202 1875 266 1916 non
291 1856 422 1915 senserit.
452 1857 522 1914 Vide
537 1801 615 1930 quid,
630 1860 659 1916 in
713 1858 767 1926 sui,
784 1863 812 1914 et
824 1855 873 1914 illa
886 1857 1039 1917 luminaria
1057 1877 1170 1934 magna,
1183 1877 1246 1935 qua
1261 1861 1302 1919 il-

75 1929 194 2000 quolibet
208 1945 311 2000 sensu,
321 1929 389 2002 quid
400 1929 430 1986 in
441 1929 658 2002 qualibetparte
713 1928 854 1986 luminant
865 1931 974 2002 orbem,
989 1932 1025 1988 ad
1050 1931 1150 1990 boram
1165 1934 1303 2000 exstincta

75 2001 226 2059 sustinuit:
247 2003 278 2058 in
302 2000 394 2084 capite
411 2005 515 2074 spinas.
532 2001 561 2056 in
581 2001 658 2059 auri·
713 2004 788 2057 sunt.
803 2001 902 2057 Nonne
916 2000 973 2058 illis
986 2003 1249 2074 obtenebrantibus,
1259 2013 1300 2062 te-

75 2072 122 2129 bus
140 2074 308 2147 opprobria.
331 2089 361 2130 ιιι
385 2072 473 2131 oculis
500 2074 608 2140 fletum,
628 2071 681 2130 in'
713 2071 810 2128 nebrae
838 2071 921 2130 tactae
946 2077 1013 2129 suut
1032 2089 1116 2146 super
1138 2073 1300 2134 nniversam

75 2160 119 2200 ore
132 2145 168 2202 iel
188 2150 218 2203 et
239 2149 366 2214 acetum,
382 2143 411 2201 in
433 2145 503 2202 facie
519 2145 616 2215 alapas
631 2149 659 2202 et
712 2148 830 2210 terram,
845 2148 874 2199 et
887 2142 937 2200 illa
950 2143 1007 2200 duo
1022 2143 1179 2204 luminaria
1195 2163 1299 2220 triagna
1337 2162 1341 2168 ·

76 2221 162 2287 sputa,
177 2215 206 2274 in
225 2215 303 2275 collo
325 2217 471 2289 colaphos,
487 2215 516 2273 in
540 2215 658 2274 naribus
713 2231 777 2272 cum
802 2213 857 2270 illis
873 2213 1062 2273 luminaribus
1078 2221 1186 2274 semota
1212 2219 1301 2276 sunt?

76 2287 208 2358 lotorem,
223 2287 295 2361 quia
309 2286 339 2344 in
351 2287 413 2344 loco
431 2305 465 2346 ex
476 2288 659 2346 cadaveribus
713 2289 771 2344 lloo
785 2293 879 2344 autem
895 2291 985 2343 totum
1001 2287 1168 2358 tectumest‚
1180 2293 1209 2346 ut
1221 2305 1301 2348 sver-

76 2366 201 2434 corrupto
219 2359 279 2418 luit
304 2358 455 2416 crucifixus
479 2377 485 2415 :
512 2359 604 2417 clavos
627 2359 657 2416 in
712 2363 841 2416 tenentur
855 2358 927 2416 oculi
945 2357 998 2428 tui,
1017 2375 1053 2417 ne
1072 2358 1201 2426 viderent
1224 2363 1300 2419 vani·

78 2430 235 2490 monibuset
254 2431 385 2504 pedibus,
396 2431 509 2514 flagella
519 2427 548 2488 in
560 2431 660 2500 dorso,
712 2435 810 2499 tatem,
826 2435 855 2486 et
866 2428 890 2486 si
905 2429 1043 2496 viderent.
1060 2447 1117 2489 non
1130 2432 1156 2490 ei
1169 2433 1300 2492 adbaere-

77 2500 196 2561 lanceam
206 2503 237 2560 in
252 2510 376 2576 pectore.
390 2504 462 2571 Quia
476 2502 553 2560 onim
568 2519 658 2575 genus
712 2507 785 2559 rent.
795 2503 1025 2574 Auresillsequae
1037 2505 1064 2560 in
1075 2503 1297 2564 coelisaudiunt:

77 2571 221 2633 humanum
232 2574 403 2632 vulneribus
415 2581 595 2644 peccatorum
606 2573 658 2631 luit
711 2576 839 2639 Sanctus,
866 2576 994 2642 Sanctus,
1018 2577 1135 2634 Sanctus
1156 2580 1298 2644 Dominus,

77 2645 192 2718 plenum,
207 2647 369 2704 secundum
386 2645 456 2703 illud
476 2645 556 2703 lsaiae
573 2663 579 2702 :
597 2647 658 2703 Om-
711 2649 781 2702 Deus
800 2647 950 2711 Sabbootb,
974 2647 1133 2706 audierunt
1163 2650 1193 2706 in
1220 2657 1299 2707 terra

76 2732 105 2771 ne
116 2725 194 2790 capnt
207 2719 386 2788 tanquillam,
401 2725 427 2774 et
441 2734 518 2774 omne
532 2735 657 2774 corneo-
711 2717 951 2775 daemoniacorum
972 2735 1054 2776 voces
1075 2736 1082 2776 :
1109 2721 1192 2784 Tolle.
1214 2723 1298 2789 tollor

77 2793 275 2862 retemptatum
287 2791 366 2861 pedis
379 2807 466 2861 nsque
477 2791 515 2846 ool
529 2793 656 2846 uerticem
711 2792 848 2860 mmfiqe,
862 2793 999 2860 oucsflqe.
1017 2789 1123 2862 thuid
1147 2791 1244 2850 istud?
1257 2794 1297 2849 Ne

77 2875 124 2915 non
145 2869 183 2918 est
207 2867 239 2918 in
259 2877 288 2917 eo
304 2865 422 2926 sanitas,
439 2861 504 2918 ideo
522 2864 605 2919 lesus
626 2861 657 2918 in
711 2877 794 2917 aures
814 2864 870 2916 tuae
885 2861 1125 2918 obsurdescerent
1139 2863 1175 2919 ad
1196 2863 1299 2920 clamo·

78 2933 146 2988 omni
162 2940 245 3006 parte
262 2933 390 3016 corporis
415 2933 458 2989 sui
479 2932 578 3006 plagas
593 2949 657 2989 sus·
710 2947 772 2988 rem
786 2929 929 3004 pauperis,
941 2946 976 2987 ne
996 2931 1155 3014 reciperent
1170 2933 1298 2992 auditum

77 3003 153 3073 opit,
169 3011 198 3062 ut
216 3021 273 3078 per
291 3021 351 3075 epus
372 3003 476 3061 livores
493 3007 521 3060 io
536 3009 596 3061 toto
610 3020 656 3061 sa·
711 3018 825 3071 vanum,
843 3019 879 3058 ne
893 3001 1078 3060 detractionis
1089 3020 1175 3073 virus,
1191 3003 1298 3078 apertis

78 3089 212 3133 narcmur.
238 3078 331 3133 llomo
346 3075 423 3133 enim
445 3083 505 3134 orat
525 3076 656 3132 infirmus
710 3077 796 3146 poris,
810 3089 1011 3146 usquequaque
1028 3076 1213 3158 susciperent.
1234 3077 1299 3148 Spe·

77 3142 104 3200 in
125 3150 223 3218 capite,
240 3147 272 3204 id
286 3153 331 3204 est
356 3149 384 3203 io
410 3146 579 3216 intentione,
593 3163 656 3219 quae
709 3149 786 3202 crosa
811 3143 868 3227 illa,
883 3144 970 3202 iacies
993 3145 1113 3217 speciosr
1133 3147 1223 3205 tuma
1238 3163 1300 3274 prm

78 3223 116 3271 est
128 3225 208 3292 caput
222 3218 339 3286 animae,
355 3217 423 3291 quia
439 3219 482 3276 bis
496 3235 558 3292 qua>
574 3219 656 3276 lacte·
710 3216 777 3273 tiliis
792 3217 951 3284 hommum,
966 3215 1054 3288 sputis
1066 3217 1138 3274 illita
1150 3225 1203 3287 est,
1218 3235 1235 3275 a
1248 3217 1298 3276 ssi-

79 3285 122 3343 bat
133 3306 188 3347 nou
201 3306 304 3348 sanam
320 3290 505 3348 intentionem
521 3291 654 3348 babebat.
710 3293 756 3346 cta
763 3286 900 3360 colaphis,
912 3287 1081 3359 addictaque
1093 3288 1298 3348 delusionibus.

80 3358 139 3416 Erat
161 3361 295 3420 infirmus
323 3363 352 3420 in
370 3362 511 3431 manibus,
528 3362 596 3434 quia
618 3362 657 3418 la·

80 3429 165 3509 ciebat
187 3450 277 3508 opera
291 3434 365 3492 mala
380 3433 424 3492 vel
444 3433 572 3493 remissa.
589 3435 657 3490 Erat

80 3502 202 3564 infirmus
226 3507 258 3563 iu
280 3507 410 3580 pedibus,
438 3522 504 3578 quta
533 3505 657 3564 babebat

80 3572 251 3634 allectionem
262 3578 492 3635 immundnmaut
501 3585 656 3647 terrenam,

81 3658 124 3712 pes
141 3647 215 3706 enim
228 3648 332 3708 animae
347 3657 390 3708 est
402 3650 520 3708 allectus
534 3656 563 3706 et
575 3664 657 3706 amor

81 3715 145 3796 ojus,
158 3721 225 3792 quia
240 3719 314 3777 sicut
323 3738 426 3786 corpus
436 3721 513 3778 vadit
526 3721 655 3802 pedibus,

81 3799 116 3841 src
130 3795 224 3849 anima
249 3793 326 3850 vadit
344 3793 505 3850 affectibus.
533 3795 597 3848 Erat
612 3807 656 3848 m·

77 3856 171 3937 ‚firmus
184 3861 213 3919 in
226 3865 322 3930 corde,
335 3865 403 3936 quia
416 3865 540 3921 babebat
553 3865 657 3936 cogita·

83 3935 166 4007 tiones
180 3933 318 3993 uouisset
333 3952 429 3994 vanas.
446 3939 512 3992 Erat
526 3933 657 3992 infirmus

82 4015 108 4080 ιιι
125 4009 181 4060 toto
196 4023 325 4080 corpore,
344 4007 411 4081 quia
428 4008 551 4065 babebat
569 4011 657 4062 totam

83 4077 162 4131 urtam
180 4081 354 4137 mundanam
369 4086 398 4138 et
413 4077 657 4137 conversationem

84 4155 187 4202 tanam.
200 4150 233 4206 Ut
247 4151 333 4223 igitur
347 4150 476 4209 Christus
486 4153 544 4208 suis
556 4149 659 4206 livori-

84 4211 129 4270 bus
138 4222 165 4273 et
178 4221 339 4281 vulneribus
351 4239 402 4281 nos
415 4223 543 4280 totaliter
555 4226 584 4279 et
597 4236 658 4291 per·

84 4282 147 4343 lecte
156 4299 283 4352 sanaret:
295 4296 384 4354 voluit
393 4295 536 4354 vulnerari
545 4293 574 4350 in
584 4289 659 4365 oapi·

85 4357 118 4427 10»
129 4363 157 4416 ut
168 4371 280 4424 sanaret
291 4383 389 4426 omnes
402 4373 515 4425 nostras
527 4363 659 4438 obliquas

141 4453 210 4512 lima
225 4461 290 4517 tssc
306 4463 425 4528 Csnrsrr,
442 4477 528 4518 rosus
544 4463 593 4516 lv.

710 3360 802 3428 Quare
819 3359 895 3416 boc‘l
910 3361 943 3416 Ut
957 3358 1044 3416 iacies
1056 3363 1107 3416 tua
1122 3359 1296 3418 illuminare-

710 3437 767 3501 tur,
788 3429 948 3488 illumiuata
963 3430 1192 3502 confirmaretur,
1211 3437 1239 3488 et
1252 3431 1297 3489 di-

711 3510 823 3560 ceretur
837 3503 873 3560 de
884 3507 912 3560 te
927 3521 933 3561 :
954 3503 1054 3560 Vultus
1069 3503 1144 3560 illius
1161 3520 1218 3562 non
1233 3510 1301 3562 sunt

711 3575 834 3648 amplius
853 3577 882 3631 in
906 3574 1019 3632 diversa
1040 3577 1149 3633 mutati.
1174 3576 1212 3634 Os
1229 3576 1299 3634 illud

711 3647 916 3730 quodbngelos
929 3647 1022 3716 docet,
1035 3647 1163 3704 homines
1173 3647 1298 3718 instruit,

711 3717 788 3792 quod
802 3719 870 3774 dimt
884 3725 913 3775 et
924 3717 1083 3790 factasunt,
1095 3719 1158 3777 t'ello
1170 3725 1299 3792 potatum

711 3795 755 3847 est
773 3793 801 3846 et
819 3793 909 3846 aceto.
929 3791 983 3846 Sed
1010 3789 1063 3846 boo
1085 3791 1190 3850 lactum
1210 3794 1301 3850 estut

712 3863 860 3918 veritatem
878 3857 1056 3930 etjudicium
1083 3861 1247 3945 loqueretur
1266 3877 1298 3920 os

713 3941 803 4002 tuum,
812 3937 839 3989 et
850 3931 1033 3990 confiteretur
1048 3935 1197 3993 Dominum
1210 3936 1298 3993 Deum

712 4021 805 4062 suum.
823 4005 922 4062 Manus
942 4002 1009 4074 itlae,
1025 4019 1089 4077 quae
1109 4007 1300 4064 fundaverunt

713 4076 810 4145 coetos,
827 4081 949 4134 extensa
976 4083 1042 4134 sunt
1065 4078 1095 4134 in
1123 4095 1216 4147 cruce,
1235 4077 1300 4134 cla-

712 4151 811 4221 visque
825 4149 1061 4206 transverberata
1083 4149 1253 4217 durissimis,
1270 4151 1301 4202 ut

713 4235 813 4277 manus
829 4228 886 4278 tnae
895 4219 1115 4279 extenderentur
1127 4222 1164 4279 sd
1173 4221 1297 4292 inopem.

713 4293 812 4350 Pectus
827 4291 907 4354 illud.
925 4291 1027 4364 inquo
1044 4296 1112 4348 sunt
1122 4307 1221 4348 omnes
1236 4289 1297 4345 tbo·

712 4363 788 4422 sauri
808 4362 955 4436 sapientise
975 4367 1003 4420 et
1022 4361 1149 4420 scientia
1165 4362 1214 4418 liei
1234 4359 1297 4416 abs-

1213 4461 1240 4508 lo
