3104 5034
548 413 588 468 DE
617 413 738 470 l'lb'tbt
766 415 910 470 tuniolo.
1303 415 1348 470 308

105 519 310 590 cessationem,
320 526 349 577 et
363 519 501 577 claritatis
516 519 697 594 splendorem

104 591 307 663 ampliorem;
337 591 449 663 quando
478 591 520 648 sol
549 591 636 648 stabit
668 592 697 647 in

106 664 239 728 Oriente,
255 669 284 719 et
311 662 380 718 lune
409 663 438 718 in
467 662 631 731 Occidente,
649 663 697 718 ubi

104 741 207 792 orente
222 739 299 802 sunt,
318 739 347 790 et
362 732 401 792 ibi
426 735 487 790 sine
516 735 575 792 line
593 750 698 792 mauo-

106 808 192 864 bunt.
209 807 298 877 llujus
309 805 382 862 ratio
397 810 439 862 est
457 805 513 862 isla
529 823 535 862 :
553 805 619 878 quia
635 822 697 863 cor·

128 893 181 934 ora
200 879 349 949 superiora
375 877 448 934 tacta
474 881 540 934 sunt
562 881 597 934 ad
613 893 698 935 usum

106 895 234 1006 iiomiuis
251 948 410 1020 dupliciter.
430 950 489 1006 Uno
515 949 610 1018 modo,
628 965 697 1031 pro-

109 1027 177 1094 pter
201 1020 397 1078 necessitatem
419 1020 557 1092 corporis,
575 1021 698 1091 scilicet,

110 1099 215 1149 statum
233 1091 425 1164 generationis
443 1099 472 1149 et
496 1091 697 1165 corruptionis,

110 1169 140 1220 et
155 1165 228 1234 ideo,
244 1169 372 1220 cessante
391 1163 441 1221 illo
461 1169 547 1233 stetu,
562 1169 654 1222 cessat
670 1169 699 1220 et

111 1242 215 1292 motus.
233 1239 323 1292 illotus
337 1234 413 1291 onim
428 1234 503 1304 coeli,
515 1241 544 1292 et
554 1239 697 1292 transmu-

112 1307 183 1363 tatio
208 1305 238 1362 in
258 1305 407 1363 elementis
423 1307 554 1364 ordinate
577 1307 698 1364 suntad

112 1379 312 1450 complendum
325 1395 474 1435 numerum
490 1379 660 1447 electorum;
671 1386 699 1434 et

111 1449 177 1506 ideo
198 1447 260 1521 ipso
276 1465 395 1506 numero
411 1452 560 1522 completo,
575 1449 605 1506 in
616 1449 698 1522 judi-

112 1519 157 1576 cio
181 1522 341 1590 cessabunt,
355 1521 426 1578 sicut
450 1537 481 1577 en
498 1537 560 1593 quae
584 1519 698 1578 suntad

112 1592 211 1662 tinem,
225 1591 322 1649 babitu
350 1593 406 1648 line
422 1599 544 1649 cessant.
562 1594 698 1649 Cessante

112 1669 210 1721 eutem
224 1670 301 1720 motu
313 1663 388 1732 coeli,
402 1665 521 1720 cessabit
537 1669 565 1719 et
576 1669 697 1735 tempus,

113 1737 188 1806 quod
208 1735 335 1808 sequitur
350 1743 458 1792 motum
473 1734 547 1802 coeli,
562 1735 639 1807 quia,
653 1751 697 1792 se-

113 1806 237 1862 cuudum
265 1807 464 1880 Apocalypsim
486 1810 626 1878 :Tempus
644 1823 699 1862 non

113 1881 167 1932 erit
179 1879 309 1950 amplius.
326 1880 364 1934 Ex
377 1881 431 1934 boc
445 1883 532 1950 patet,
549 1880 623 1949 quod
638 1877 699 1934 dies

113 1948 328 2005 resurrectionis
343 1949 485 2022 generalis
499 1950 552 2006 erit
572 1949 633 2005 dies
647 1965 699 2006 uo-

113 2017 255 2088 uissimus,
271 2021 346 2078 unde
365 2021 418 2079 tob
436 2021 526 2078 dicit:
542 2024 578 2078 Et
596 2023 626 2076 in
649 2037 701 2077 no·

112 2094 224 2148 ntssimo
239 2093 294 2159 die,
309 2094 428 2150 deterre
442 2098 613 2149 surrecturus
628 2109 698 2148 sum.

113 2163 208 2220 Altero
227 2164 311 2220 modo
331 2181 379 2221 cor
401 2180 450 2221 ore
464 2167 612 2237 superiora
626 2164 701 2221 laeta

114 2239 189 2301 sunt,
207 2241 324 2308 propter
346 2180 564 2293 deiectationem
587 2241 616 2291 et
637 2236 699 2308 pul·

113 2305 301 2386 cbritudinem
313 2313 459 2372 creaturae.
471 2313 500 2365 et
511 2311 626 2390 propter
638 2324 701 2380 cog·

113 2385 251 2434 mliorem
277 2377 327 2436 Dei
351 2377 381 2435 in
409 2377 481 2448 illis;
510 2385 538 2436 et
566 2379 630 2435 ideo
655 2379 701 2435 lux

114 2465 213 2506 eorum
236 2465 294 2506 non
317 2449 450 2520 cessabit,
468 2450 519 2508 sed
538 2449 698 2524 augebitur.

115 2521 244 2592 Denique
269 2521 382 2588 coelum,
399 2521 453 2594 sol,
474 2521 542 2580 luna
556 2529 585 2579 et
599 2523 699 2592 stellae,

115 2607 177 2663 quie
197 2609 272 2648 nune
290 2593 423 2650 festinant
444 2611 528 2651 cursu
544 2593 700 2650 irretarda-

114 2663 174 2733 bili,
192 2663 272 2735 quasi
285 2667 431 2737 cupientes
445 2665 473 2721 in
488 2665 635 2722 meliorem
646 2672 701 2722 sta·

115 2739 172 2790 tum
185 2735 300 2804 mutari;
313 2747 380 2793 tunc
389 2739 443 2793 lixa
453 2737 701 2794 immobiliterma-

115 2807 222 2862 nebunt
241 2811 269 2863 et
283 2807 388 2880 quieta,
405 2813 433 2864 et
452 2808 574 2865 mirabili
589 2808 699 2880 glorill-

115 2880 225 2934 catione
250 2877 409 2935 immutata.
424 2883 494 2936 llam
516 2879 618 2936 coelum
638 2880 700 2950 glo-

115 2947 185 3006 riam
201 2947 269 3006 solis
278 2951 374 3007 induet
386 2967 393 3020 ;
412 2953 464 3022 sol,
476 2951 553 3020 luna,
569 2957 598 3007 et
611 2953 700 3010 stetlae

115 3019 271 3078 vestientur
289 3021 430 3080 ineffabili
446 3021 608 3095 splendore.
620 3023 701 3078 Unde

115 3095 238 3162 llopmo:
252 3112 265 3146 n
279 3095 356 3150 Tune
370 3093 456 3150 etiam
471 3091 660 3166 complebitur
671 3093 700 3149 ld

116 3163 258 3234 quondam
285 3181 338 3236 per
368 3167 469 3222 lsaiam
498 3165 665 3237 praedietum
691 3183 700 3220 .·

116 3237 178 3292 Erit
197 3238 248 3292 lue
272 3237 343 3293 tunae
357 3241 429 3294 sieut
449 3239 498 3292 lue
512 3239 595 3302 solis,
611 3243 637 3293 et
652 3239 701 3292 luc

116 3309 182 3364 solis
200 3311 424 3380 septempliciter,
445 3312 517 3364 sient
535 3311 585 3365 lum
601 3314 701 3380 septem

117 3379 231 3460 dimum.
248 3381 306 3436 lloc
321 3379 396 3436 enirn
406 3385 469 3453 post
484 3379 564 3436 illum
584 3379 700 3437 extremi

114 3449 212 3521 judicii
229 3451 305 3507 diem
321 3450 385 3523 crit,
399 3467 463 3508 eum
478 3451 585 3508 scilicet
599 3455 702 3508 emtum

116 3537 218 3577 novum
239 3538 271 3578 ao
288 3529 366 3579 terre
392 3539 466 3580 nova
489 3524 582 3580 luerit.
601 3521 702 3581 Omnia

117 3608 239 3664 nemque
250 3609 315 3666 quae
331 3611 381 3664 per
396 3594 517 3667 spatium
533 3611 580 3652 sex
592 3595 701 3652 dierum

117 3671 249 3736 operatus
266 3671 309 3722 est
323 3667 410 3735 Deus,
425 3673 542 3738 proptor
557 3665 701 3722 bominem

117 3735 189 3791 lecta
210 3743 293 3806 suut;
318 3743 347 3794 et
369 3737 398 3792 in
426 3739 487 3808 eius
506 3737 586 3806 lapsu
606 3737 703 3793 omnia

117 3807 256 3865 elementa
290 3808 462 3866 detrimenta
492 3811 699 3864 sustinuerunt.

117 3879 197 3948 llam,
217 3885 302 3938 eritea
324 3887 400 3938 terra
416 3879 513 3954 spinas
535 3885 562 3937 et
582 3879 702 3937 tribulus

116 3966 172 4006 non
189 3953 372 4022 prot'erebat;
393 3969 445 4009 neo
465 3967 515 4008 aer
540 3951 593 4007 iste
616 3955 702 4008 tautae

117 4021 313 4080 crassitudinis
323 4029 354 4080 ut
363 4025 505 4090 uunc,sed
514 4021 612 4095 purior
622 4029 681 4079 erat
693 4039 700 4092 ;

117 4092 156 4152 sie
174 4093 260 4152 etiam
283 4093 335 4168 sol,
351 4099 380 4152 et
406 4095 485 4168 luna,
505 4102 533 4153 et
546 4094 640 4152 sidera
658 4095 701 4152 sui

755 521 873 578 luminis
895 519 1088 578 sustinuerunt
1113 521 1295 580 detrimenta.
1311 525 1343 580 lu

755 593 802 649 die
818 607 885 650 vero
903 591 1016 664 judicii,
1033 591 1185 650 terminato
1206 593 1254 651 illo
1278 611 1343 650 exa·

755 663 843 732 mine,
875 679 939 720 cum
970 661 1075 720 luerint
1100 679 1199 720 omnes
1229 663 1344 736 reprobi

753 751 810 793 una
834 751 900 792 cum
923 733 1036 792 diabmo
1059 735 1233 794 conclusiin
1257 738 1344 794 inler-

753 823 832 875 num,
846 806 974 864 sustollet
992 822 1023 863 se
1042 806 1178 864 Dominus
1191 810 1273 865 lesus
1293 823 1342 880 pe·

754 878 824 935 riter
843 895 907 936 cum
927 894 1046 948 corpore
1066 894 1128 946 suo,
1146 880 1222 950 quod
1242 895 1342 936 omnes

754 948 837 1007 electi
863 955 939 1020 sunt,
960 950 989 1006 in
1009 950 1122 1006 emtum.
1140 952 1174 1008 Et
1199 957 1265 1008 tuno
1288 949 1341 1008 sibi

755 1022 822 1079 luna
836 1022 1017 1094 splendorem
1031 1020 1098 1078 solis
1118 1023 1277 1090 mutuabit;
1299 1023 1341 1078 sul

754 1109 822 1150 vero
837 1091 1059 1166 septempliciter
1071 1109 1157 1164 quarn
1170 1093 1254 1150 modo
1267 1095 1342 1150 luee-

754 1164 1342 1237 bit3recipietquesplendoremquem,ho·

737 1299 743 1312 ¹
755 1235 831 1293 mine
842 1241 988 1308 peccante,
1000 1235 1093 1292 amisit
1103 1257 1117 1286 »
1133 1253 1140 1291 :
1153 1239 1212 1293 baec
1224 1240 1339 1306 Hopmo.

755 1309 838 1364 Patet
849 1306 1008 1379 ergo,quod
1019 1309 1157 1363 coelumet
1167 1314 1342 1364 terratrans·

755 1378 847 1446 ibunt,
863 1385 1001 1450 quantum
1018 1379 1055 1435 ad
1070 1379 1201 1446 formam,
1216 1379 1266 1436 sed
1286 1395 1343 1435 non

756 1455 894 1522 quantum
914 1451 949 1507 ad
965 1449 1164 1506 substantiam.
1184 1451 1261 1507 Unde
1280 1452 1342 1507 Au·

755 1523 906 1590 pristinus:
924 1521 1110 1590 «Elementa,
1127 1521 1214 1578 idest
1237 1522 1340 1578 coelum

754 1603 783 1648 et
796 1600 914 1660 terram,
930 1608 989 1649 non
1010 1593 1160 1649 credamus
1185 1592 1338 1660 abolenda,

755 1665 804 1720 sed
820 1663 848 1718 in
863 1664 962 1720 melius
978 1665 1201 1732 commutanda;
1219 1664 1340 1734 liguram

755 1734 866 1805 mundi,
885 1734 913 1792 id
938 1739 982 1790 est
1004 1734 1169 1806 imaginem,
1194 1752 1251 1792 non
1274 1737 1340 1792 sub·

755 1805 890 1863 stantiam
904 1806 1095 1878 perituram.»
1108 1805 1187 1864 Unde
1201 1813 1229 1863 et
1243 1808 1341 1876 Grego-

755 1881 833 1934 rius:
847 1899 860 1932 o
872 1878 980 1934 Cielum
991 1887 1019 1934 et
1033 1885 1109 1934 terra
1121 1893 1172 1950 per
1182 1894 1244 1935 enm
1255 1894 1339 1949 quam

756 1965 832 2006 nunc
861 1950 968 2006 habent
991 1949 1145 2020 imaginem
1175 1956 1342 2019 transeunt3

756 2021 806 2077 sed
833 2026 929 2077 tamen
951 2035 1003 2093 per
1027 2021 1180 2077 essentiam
1204 2023 1264 2077 sine
1284 2021 1343 2078 llno

757 2091 923 2150 subsistunt.
940 2091 1046 2149 Coeluin
1062 2092 1148 2164 igitur
1166 2097 1194 2148 ct
1213 2098 1300 2156 terra,
1315 2097 1343 2148 et

756 2165 870 2232 transit,
883 2169 912 2220 et
928 2163 998 2232 erit;
1014 2162 1149 2247 quoniam
1162 2163 1198 2220 ab
1212 2179 1340 2236 eaqnem

756 2251 831 2316 nunc
845 2235 932 2292 hebet
953 2251 1087 2307 speciem,
1102 2233 1259 2308 perignem
1277 2241 1340 2292 ter-

757 2313 844 2379 gitur,
855 2312 883 2363 et
895 2311 990 2362 temen
1006 2306 1035 2364 iu
1051 2323 1102 2364 sua
1113 2322 1225 2378 semper
1239 2311 1341 2363 natura

757 2377 1342 2450 servatur,undeperPsalmistamdictum

757 2455 822 2507 est:
840 2451 962 2506 Metonis
987 2466 1029 2514 co,
1047 2455 1072 2507 et
1097 2451 1278 2506 mutabuntur
1297 2469 1305 2505 :
1325 2471 1340 2500 n

757 2521 818 2578 baec
830 2522 987 2591 Greportus.
1003 2521 1137 2578 Mundum
1148 2527 1242 2578 autem
1258 2519 1342 2578 inno-

756 2593 826 2660 vari,
843 2593 871 2650 id
889 2597 932 2650 est
949 2593 1142 2666 pulchriorem
1160 2597 1279 2650 lormam
1297 2593 1342 2649 in-

756 2665 845 2722 duere
857 2665 972 2728 debere.
987 2665 1149 2722 ostenditur
1172 2663 1277 2737 triplici
1295 2681 1341 2722 ra·

757 2739 845 2793 tione.
866 2767 901 2778 -
922 2735 1027 2806 Primo,
1047 2753 1114 2806 quia
1133 2733 1207 2792 sicut
1226 2735 1343 2810 dignum

756 2806 1345 2934 luitpuodelementapurgarentur,proeo

757 2895 813 2950 quo
850 2877 954 2934 inlecto
967 2883 1049 2934 erant
1068 2883 1183 2948 propter
1196 2888 1344 2950 peccatum

757 2948 880 3006 hominis
893 2966 900 3019 3
915 2949 955 3006 ita
967 2948 1086 3020 dignum
1105 2948 1160 3005 erit
1177 2955 1207 3005 ut
1223 2949 1345 3006 mundus

757 3020 934 3090 innovetur,
965 3025 1080 3093 propter
1106 3019 1344 3092 glorificationem

758 3091 881 3150 bominis
896 3091 1070 3148 ethonorem
1083 3091 1243 3161 beatorum,
1256 3097 1286 3148 ut
1296 3093 1346 3148 bo·

758 3163 836 3222 mine
855 3163 1025 3235 glorificato,
1042 3167 1144 3220 cuncta
1159 3164 1245 3220 etiam
1269 3179 1346 3220 crea·

758 3243 823 3294 tura
841 3234 992 3290 innovetur
1006 3251 1070 3291 eum
1091 3251 1134 3292 eo.
1153 3265 1186 3276 —
1203 3235 1345 3304 Secundo,

758 3317 791 3366 ut
805 3311 943 3364 creaturos
955 3310 1174 3363 remunerentur
1207 3323 1237 3362 ro
1249 3305 1346 3362 labore

760 3396 817 3452 quo
831 3377 939 3434 bomini
954 3378 1122 3434 servierunt.
1138 3409 1170 3419 -
1185 3321 1293 3446 Iiertio,
1315 3383 1347 3434 ut

759 3455 837 3508 totus
852 3449 975 3506 mundus
989 3465 1040 3522 per
1055 3451 1109 3506 boe
1126 3449 1271 3520 speculum
1293 3449 1346 3506 De-

761 3541 806 3581 um
817 3527 980 3592 eognoscat.
992 3519 1069 3578 Unde
1082 3527 1194 3593 oportet
1207 3519 1237 3576 in
1248 3521 1345 3578 luturo

759 3594 905 3668 speculum
920 3591 1047 3664 purgari,
1063 3600 1090 3648 et
1108 3593 1263 3656 meliorari,
1280 3593 1347 3662 ouia

759 3666 788 3723 in
802 3663 1011 3737 pulchritudine
1020 3668 1214 3720 creaturarum
1223 3663 1346 3734 amplius

759 3737 878 3795 resultat
892 3737 1001 3807 species
1013 3733 1165 3791 Creatoris.
1181 3737 1238 3792 lloc
1251 3743 1346 3792 eutem

759 3827 815 3866 non
841 3806 895 3864 erit
920 3805 955 3861 ad
984 3805 1195 3876 necessitatem,
1218 3813 1250 3864 ut
1273 3809 1347 3864 Deus

759 3898 810 3954 per
833 3881 981 3937 creaturas
998 3879 1130 3934 uideatur
1149 3877 1221 3934 sicut
1240 3879 1346 3946 modo;

759 3953 810 4010 sed
825 3953 859 4008 nd
872 3947 1091 4030 jucunditatem,
1108 3953 1138 4005 ut
1155 3949 1288 4007 videlicet
1302 3952 1347 4022 ju-

759 4025 896 4080 cunditati
921 4021 1037 4077 visionis
1060 4019 1270 4092 intellectualis,
1295 4019 1348 4078 ad·

759 4096 845 4154 datur
859 4091 1009 4152 delectatio
1026 4091 1142 4150 visionis
1156 4091 1310 4152 sensibilis.
