3124 5038
541 428 697 483 secudum
723 429 844 486 rantis
872 428 976 484 ttius
1004 429 1091 486 lxm

681 755 821 830 CAPUT
846 757 956 832 LXXI

452 1007 597 1060 QUOHODO
611 1007 708 1052 unni
723 1007 908 1055 HAGDALENA
923 1011 961 1056 ET
972 1011 1050 1058 Ama
1064 1013 1176 1072 HARIAE,

386 1088 425 1132 ΕΤ
442 1089 557 1136 PETRUS
570 1089 609 1135 ΕΤ
623 1087 755 1136 JOANNES
773 1091 936 1138 VENERUNT
957 1093 998 1138 An
1013 1093 1242 1142 uouuusnnutt.

381 1289 507 1348 lletthmi
520 1303 583 1362 cap.
597 1287 816 1358 xxv111,ntarci
830 1305 892 1363 cap.
910 1291 981 1362 xv1,
994 1291 1078 1350 Lucae
1092 1307 1153 1364 cap.
1167 1291 1255 1350 lllllV

662 1365 691 1418 et
703 1360 823 1420 loannis
837 1378 901 1436 cap.
916 1363 973 1420 XX.

244 1590 254 1626 1
272 1569 648 1624 Drennuomommmonrun
659 1563 792 1619 Hennuos

205 1657 238 1708 m
254 1639 399 1696 Grnrrnes.
420 1669 453 1678 -
475 1639 593 1707 Vespere
611 1640 702 1692 autem
723 1634 793 1689 sob-

207 1712 275 1774 toti,
291 1710 320 1766 id
335 1715 377 1765 eet
387 1713 468 1765 nocte
483 1711 621 1778 sequente
629 1707 791 1774 sabbatum,

201 1781 319 1839 nomine
334 1779 410 1836 enim
435 1780 569 1850 vesperis,
591 1778 665 1849 quod
685 1775 790 1848 princi-

201 1852 281 1926 pium
304 1851 395 1908 noctis
423 1857 476 1920 est,
499 1847 645 1920 significat
666 1853 790 1916 noctem,

201 1923 342 1982 sciliceta
359 1927 439 1994 parte
453 1927 555 1989 totum,
569 1925 598 1977 et
616 1920 681 1978 ideo
700 1923 791 1976 mutat

201 2011 303 2070 genus,
319 1995 448 2052 reterens
474 1993 511 2050 ad
535 2008 661 2064 sensum,
682 2007 739 2048 non
754 1991 791 2048 ad

202 2083 322 2135 nomen;
335 2070 364 2124 et
375 2067 414 2122 ait
426 2083 434 2120 :
446 2081 515 2136 quse,
527 2064 635 2122 scilicet
646 2079 711 2134 nox,
721 2066 790 2119 tuce·

203 2142 265 2206 seit,
283 2139 312 2195 id
331 2143 374 2195 est
392 2139 535 2194 lucescere
555 2135 664 2208 incipit,
681 2139 711 2191 in
727 2138 789 2207 pri-

203 2228 250 2268 ma
268 2211 388 2273 sabboti,
405 2209 432 2264 id
448 2207 534 2265 estin
551 2208 652 2336 Xrima
666 2208 711 2264 die
727 2211 792 2279 post

205 2284 367 2350 sabbatum,
382 2297 432 2337 seu
439 2282 538 2406 Brimo
571 2279 597 2336 ie
614 2279 791 2350 septimanae,

228 2369 271 2410 uae
283 2353 359 2425 apud
376 2369 427 2408 nos
464 2349 587 2407 ominica
604 2351 722 2418 dicitur;
735 2352 793 2405 oal-

207 2369 378 2482 gaditanum
392 2428 418 2478 et
431 2438 521 2486 mene,
537 2427 595 2478 orto
605 2421 667 2491 jam
683 2423 748 2486 sole,
765 2420 794 2476 id

209 2501 253 2553 est
267 2501 332 2551 ortu
355 2510 407 2550 suo
420 2495 480 2564 jem
498 2492 601 2548 coelum
622 2492 793 2556 illustrante,

210 2565 338 2640 qiramvis
364 2565 491 2619 nondum
520 2569 671 2634 appareret
697 2562 793 2631 terris,

209 2639 284 2694 raris
296 2636 389 2692 adhuc
398 2633 728 2696 tenebriscxistentibus.
741 2635 795 2691 hoc

209 2715 253 2766 est
260 2708 319 2779 jam
333 2707 502 2763 rubescente
511 2721 626 2776 aurora,
638 2711 665 2760 ct
678 2706 749 2762 coelo
758 2708 794 2763 ab

209 2779 335 2838 Orientis
362 2784 443 2849 parte
468 2777 505 2834 ob
524 2777 592 2834 solis
621 2776 794 2834 vicinitatem

203 2853 263 2927 jam
279 2851 441 2908 albescente
462 2867 468 2906 :
489 2865 594 2906 aurora
610 2849 687 2909 enim
702 2850 796 2906 media

206 2929 250 2982 est
264 2923 340 2979 inter
354 2923 487 2979 tenebras
501 2923 593 2978 noctis
604 2927 632 2978 et
641 2923 795 2994 perlectam

206 2995 297 3052 lucem
309 2995 377 3063 diei,
388 2999 416 3050 et
430 2993 495 3050 ideo
510 2998 656 3064 tamquam
670 2993 795 3050 medium

208 3067 244 3124 ab
260 3071 381 3136 utroque
392 3071 517 3120 extremo
529 3069 622 3136 potest
635 3064 793 3132 nominarl3

208 3137 297 3196 Maria
314 3136 482 3208 llagdulena
498 3143 527 3192 et
541 3136 604 3192 alias
619 3136 683 3193 duae
699 3135 795 3193 Marias

208 3213 332 3272 iverunt,
352 3215 380 3265 et
393 3213 525 3264 venerunt
542 3210 578 3263 od
593 3215 795 3264 monumentum

204 3287 358 3357 portantes,
379 3297 440 3352 quae
461 3287 630 3352 paraverant
658 3285 793 3337 ammata.

210 3355 261 3411 Ubi
275 3353 424 3410 selendum
436 3358 488 3418 est,
503 3353 577 3422 quod
587 3353 658 3408 sieut
672 3351 796 3408 Gentiles

210 3424 435 3482 denominabant
455 3422 516 3478 dies
531 3422 616 3478 totius
630 3422 796 3493 septimanas

209 3513 226 3553 a
241 3494 406 3552 nominibus
416 3494 534 3550 deorum
548 3509 677 3555 suorum,
690 3493 795 3549 seilicet

209 3569 413 3641 planetarum:
438 3569 500 3621 uta
518 3564 597 3633 luna,
618 3564 694 3620 diem
710 3566 795 3636 lunae,

208 3655 226 3696 a
242 3641 342 3706 Marte,
355 3636 431 3694 diem
446 3635 553 3703 Martis,
569 3635 649 3692 etsie
665 3637 700 3692 de
715 3637 795 3704 aliis;

209 3709 250 3766 ita
264 3708 366 3777 ludaei,
380 3707 448 3779 quia
460 3707 520 3763 dics
535 3707 646 3764 sabbati
658 3709 732 3780 apud
748 3725 797 3765 eos

210 3779 798 3847 solemniorhabebatur,sabbatumsieno-

207 3851 356 3908 minabant
370 3853 510 3920 absolute,
525 3857 643 3926 propter
659 3868 794 3908 reveren-

206 3923 276 3980 tiam
301 3921 374 3978 i'llius
398 3922 465 3990 diei,
487 3929 515 3978 et
535 3924 571 3980 ab
596 3940 630 3980 eo
651 3929 795 3996 tamquam

205 3993 357 4064 adrgniori
378 4009 476 4050 omnes
496 3993 568 4050 alios
584 3995 646 4050 dies
663 3999 793 4051 nomina·

206 4065 795 4138 bant3itaquoddiesimmediatesequeus

207 4139 368 4200 sabbatum,
391 4136 539 4192 dicebatur
560 4137 649 4208 primu
674 4138 795 4206 sabbati,

209 4210 239 4267 id
252 4215 295 4266 cst
306 4207 397 4280 prima
408 4207 468 4263 dies
481 4211 540 4278 post
551 4209 701 4265 sabbatum
711 4227 718 4278 ;
730 4209 795 4278 alia,

210 4281 335 4340 secunda
345 4278 509 4350 sabbati,·et
524 4281 564 4336 stc
580 4286 796 4352 consequenter.

212 4357 256 4422 Et,
272 4354 338 4426 quia
358 4353 468 4410 Hebraei
485 4357 513 4408 et
532 4351 621 4408 Greci
643 4351 798 4409 numerali·

213 4427 266 4482 bus
277 4424 448 4497 nominibus,
460 4440 512 4498 pro
524 4422 699 4482 ordinalibus
709 4425 799 4484 nomi·

848 1558 933 1618 nibus
947 1561 1076 1630 utuntur,
1092 1558 1157 1618 ideo
1172 1574 1266 1617 unum
1281 1558 1359 1632 apud
1375 1573 1430 1630 eos,

848 1631 879 1688 in
888 1629 990 1688 ordine
1000 1629 1124 1698 dierum,
1136 1631 1281 1704 significat
1291 1630 1413 1704 primum
1423 1645 1430 1697 ;

848 1703 923 1760 unde
939 1703 969 1759 in
983 1701 1085 1760 Genesi
1101 1703 1205 1761 dieitur
1232 1721 1239 1760 :
1264 1707 1380 1760 Factum
1397 1704 1432 1756 est

847 1791 958 1848 uespere
970 1779 995 1830 et
1012 1791 1091 1831 mone
1103 1775 1163 1832 dies
1176 1791 1259 1846 orsas,
1277 1775 1306 1832 id
1322 1778 1365 1832 est
1415 1773 1420 1786 '

848 1863 924 1918 mus,
939 1852 965 1903 el
983 1845 1048 1904 ideo
1066 1853 1278 1918 consequenter
1290 1846 1330 1904 ibi
1344 1862 1377 1902 su
1397 1841 1433 1900 di-

848 1923 895 1975 tur
906 1919 1051 1989 secundus,
1060 1923 1089 1975 et
1098 1921 1208 1986 tertiam,
1217 1923 1246 1975 et
1259 1918 1301 1976 sic
1314 1919 1350 1975 de
1363 1915 1431 1974 aliis.

849 1991 928 2047 Unde
942 1995 971 2046 et
986 1992 1074 2047 Lucas
1089 1989 1158 2046 dicit
1174 2007 1181 2046 :
1198 1991 1391 2056 consolidati,
1408 1985 1432 2042 id

848 2069 892 2118 est
908 2060 999 2134 prima
1012 2061 1057 2118 die
1071 2066 1136 2134 post
1155 2063 1310 2120 sabbatum
1327 2061 1372 2117 vel
1384 2057 1434 2132 pri·

848 2149 896 2190 ma
915 2133 961 2190 die
987 2133 1170 2206 septimanae;
1187 2135 1255 2206 quia
1281 2133 1358 2191 enim
1375 2129 1433 2187 sab

849 2206 947 2262 batum
971 2208 1046 2277 apud
1076 2207 1219 2274 llebraeos,
1242 2221 1302 2263 non
1325 2207 1431 2262 lautum

849 2275 1433 2350 diemprincipaliorem,aquoseptimana

850 2349 925 2422 apud
937 2365 985 2406 eos
997 2347 1112 2419 incepit,
1129 2349 1179 2404 sed
1198 2351 1287 2406 etiam
1302 2346 1430 2421 septima·

851 2435 928 2489 nam,
946 2437 979 2477 ex
1004 2419 1194 2494 praerogativa
1214 2422 1339 2486 sabbati,
1354 2419 1432 2475 deno·

851 2492 951 2561 minat,
967 2496 999 2549 ut
1011 2491 1051 2548 ibi
1069 2492 1188 2562 :Jejuno
1204 2493 1246 2548 bis
1264 2496 1298 2549 ln
1311 2491 1431 2554 sabbato,

851 2563 930 2620 idest
942 2565 970 2620 in
981 2563 1176 2620 hebdomada:
1189 2563 1254 2620 ideo
1269 2564 1359 2621 etiam
1372 2573 1431 2618 cunr

851 2635 955 2692 dieitur
973 2635 1066 2708 prima
1080 2635 1124 2692 vel
1142 2651 1201 2692 una
1216 2637 1330 2693 sabbati
1346 2633 1433 2708 potest

851 2705 970 2778 intelligi
996 2705 1088 2778 prima
1117 2706 1163 2764 die
1191 2723 1221 2764 se
1243 2707 1370 2776 timanae,
1393 2699 1433 2758 vel

852 2779 1047 2848 hebdomadae,
1068 2794 1131 2850 qum
1153 2794 1209 2851 apu
1249 2795 1304 2837 uos
1323 2779 1435 2853 propter

852 2851 1028 2906 Dominicam
1054 2849 1305 2909 Resurrectionem
1324 2852 1434 2906 vocatur

853 2920 1009 2984 [lominica
1024 2937 1040 2976 a
1056 2923 1211 2993 quostiam
1228 2923 1308 2996 apud
1327 2937 1379 2979 nos
1395 2916 1431 2974 ln·

852 2993 919 3063 cipit
930 2992 1097 3065 septimana.
1110 2993 1278 3050 Nobisenim
1288 2993 1434 3052 celebritas

852 3064 956 3120 veteris
968 3063 1090 3134 sabbati,
1106 3081 1242 3122 conversa
1254 3071 1284 3122 et
1298 3062 1432 3124 translate

852 3141 896 3193 est
907 3135 936 3191 in
952 3135 1212 3210 dominicumque
1228 3137 1331 3195 ceteris
1342 3135 1433 3193 diebus

853 3205 993 3264 celebrior
1009 3215 1062 3278 est,
1083 3213 1199 3280 propter
1217 3208 1371 3267 Dominieae
1387 3207 1434 3262 lle·

853 3279 1038 3337 surrectionis
1052 3281 1243 3350 sanctitatem,
1255 3281 1393 3354 gaudium
1408 3279 1433 3330 et

851 3351 1051 3409 reverentiam.
1068 3353 1158 3410 Latini
1178 3368 1255 3421 vero,
1269 3369 1320 3410 seu
1339 3347 1434 3410 lto'ma·

853 3423 893 3493 ni,
909 3429 937 3479 et
952 3423 1084 3488 Ecclesia,
1101 3424 1186 3480 modo
1200 3421 1261 3480 dies
1281 3429 1384 3482 vocant
1396 3421 1411 3488 s
1423 3447 1433 3458 -

853 3499 911 3551 ctos
928 3512 934 3550 :
949 3495 1024 3552 diem
1039 3495 1217 3552 Dominicam
1239 3503 1374 3554 vocantes
1395 3491 1432 3546 is·

854 3568 924 3623 riam
941 3567 1072 3637 primam,
1084 3567 1160 3624 diem
1174 3567 1248 3623 lunce
1263 3567 1432 3627 secundaml

854 3646 882 3694 et
897 3637 937 3692 sic
954 3639 989 3694 de
1003 3637 1068 3694 aliis
1081 3655 1170 3710 usque
1183 3639 1219 3694 ad
1234 3640 1395 3696 sabbatum.
1406 3635 1435 3688 El

855 3713 972 3766 vocatur
987 3709 1057 3767 teria
1073 3727 1091 3767 a
1108 3709 1307 3782 leriare,quod
1324 3714 1369 3768 est
1382 3719 1434 3786 ces·

855 3797 929 3848 sare,
950 3783 992 3838 vel
1015 3797 1032 3838 a
1055 3783 1179 3839 terendis
1204 3781 1326 3838 victimis
1348 3800 1354 3839 :
1374 3789 1435 3851 quia

854 3853 930 3910 omni
945 3852 991 3908 die
1006 3853 1120 3924 feriare,
1134 3853 1161 3910 id
1177 3859 1219 3908 est
1231 3855 1267 3910 ab
1284 3853 1361 3912 omni
1374 3865 1433 3926 pec·

853 3931 916 3981 cato
932 3941 1053 3994 cessare,
1068 3933 1097 3981 et
1111 3925 1239 3982 victimas
1253 3925 1338 3996 terre,
1356 3931 1382 3981 et
1395 3918 1432 3978 ol-

853 3998 927 4053 lerrc
942 3997 1088 4053 debemus.
1256 3998 1265 4013 “

891 4088 904 4124 2
924 4071 1073 4136 tinnientes,
1094 4087 1290 4140 uouounurmr,
1310 4089 1342 4128 nr
1361 4079 1430 4124 ueris

854 4157 972 4196 onsmns
988 4157 1016 4195 m
1031 4158 1114 4197 seusu
1130 4161 1294 4199 eserico-
1305 4141 1431 4198 Mulieres

855 4228 922 4282 ergo
945 4211 1007 4268 istm
1025 4219 1163 4270 uerierunt
1184 4215 1224 4272 ita
1250 4229 1334 4271 mane
1359 4205 1428 4285 quod

855 4285 946 4340 adhue
965 4285 1079 4340 tenebra
1095 4293 1184 4356 mont,
1203 4291 1234 4343 ut
1260 4285 1329 4342 dicit
1342 4289 1427 4343 loan-

856 4372 921 4424 nes;
948 4360 977 4412 et
995 4355 1149 4414 secundum
1167 4359 1279 4426 Lucam,
1298 4354 1429 4415 venerunt

856 4429 989 4497 diluenlo,
1012 4444 1074 4502 quae
1091 4435 1135 4486 est
1150 4429 1264 4488 claritas
1280 4429 1373 4488 medie
1388 4425 1427 4482 in·
