3124 5038
252 469 295 524 llll
582 458 741 512 SECUNDAE
769 461 889 514 lllllls
918 459 1024 512 carui
1054 459 1149 512 bxl'll

251 581 384 644 mortem,
397 581 476 632 tuam
494 568 679 642 sepulturam,
698 571 777 624 tuam
791 565 833 622 ui-

250 649 402 708 ctoriosam
418 639 674 708 Resurrectionem,
686 644 713 696 ot
725 639 832 709 gloriil·

250 723 402 788 nationem,
422 714 542 780 Christe,
563 712 652 769 adoro
671 711 786 783 supplex
805 716 833 767 et

249 791 388 867 glorilloo.
405 791 511 846 Horum
527 783 637 840 vivifico
650 782 736 840 odore
750 781 833 864 spiri·

246 873 310 922 tum
323 877 416 920 meum
428 876 445 917 a
458 861 565 932 peceati
581 861 671 911 morte
686 861 832 920 resuscita,

248 936 349 992 borum
368 931 472 990 virtule
484 931 519 987 ab
534 925 647 986 astutiis
661 927 775 984 Satanae
788 941 833 982 me

247 1003 368 1074 custodi,
385 1019 485 1076 meque
500 999 639 1067 conforta,
652 1003 681 1054 ut
693 1003 721 1056 el
733 997 833 1070 jugum

247 1078 446 1136 mandatorum
458 1079 574 1132 luorum
589 1086 675 1128 suave
688 1069 757 1126 mibi
773 1069 833 1139 ilat,

247 1155 276 1208 el
288 1164 361 1206 onus
373 1150 466 1205 crucis
475 1144 552 1229 quod
563 1144 689 1215 bajulare
698 1157 743 1199 me
750 1142 834 1214 jubes

246 1225 312 1295 post
326 1226 364 1290 te,
378 1221 505 1276 humeris
519 1217 622 1274 animae
638 1229 708 1271 meae
721 1213 782 1270 leve
797 1216 834 1270 sit

246 1298 332 1366 alque
350 1289 499 1363 portabile.
517 1289 585 1357 Quae
605 1285 681 1342 enim
699 1283 833 1342 lortitudo

246 1380 321 1434 maa,
333 1369 365 1421 ut
373 1363 453 1436 juata
468 1363 640 1432 preceptum
650 1363 743 1426 tuum,
754 1371 832 1413 mun-

246 1435 275 1494 di
295 1450 443 1509 pressuras
462 1438 521 1490 tam
545 1428 714 1502 multiplices
729 1427 833 1486 invicto

246 1507 342 1565 animo
360 1505 537 1564 sustineam?
552 1502 608 1560 Sed
626 1500 704 1570 audi,
724 1515 832 1572 quaeso,

246 1595 345 1637 vocem
357 1593 460 1648 meum,
470 1582 498 1634 et
508 1575 615 1632 inclina
624 1588 710 1646 super
721 1589 833 1629 servum

245 1655 325 1708 tumn
345 1665 459 1708 suavem
475 1663 587 1706 erucem
604 1644 694 1714 illam,
710 1661 773 1716 quae
793 1643 833 1700 li-

245 1737 334 1851 qnum
345 1721 462 1779 vitasset
476 1719 520 1776 his
528 1717 577 1790 qui
591 1714 834 1790 apprehenderint

244 1794 342 1862 riam3
363 1793 458 1860 istam,
477 1791 606 1862 inquam,
626 1787 833 1844 divinissimam

244 1881 358 1923 crucem
376 1865 503 1921 humeris
524 1860 594 1918 meis
610 1859 737 1932 impone,
752 1861 834 1931 euius

244 1936 365 1995 latitudo
380 1943 424 1993 est
435 1937 540 1993 caritas
550 1949 636 2006 super
649 1947 763 1990 umuem
773 1947 832 1990 cre·

244 2015 355 2067 aturam
370 2025 401 2066 se
414 2007 579 2074 extendens,
591 2005 672 2088 orrjus
683 2004 832 2076 longitudo

244 2083 401 2164 aeternitas²
421 2080 502 2153 cujus
519 2076 678 2136 sublimatas
697 2075 773 2134 omni
796 2092 833 2132 o-

242 2151 343 2226 lentia,
358 2169 438 2225 rusus
453 2150 626 2224 profundum
647 2092 832 2206 inscrutassile

244 2224 445 2298 eslsaprentia.
454 2225 570 2295 contige
580 2221 620 2278 illi
630 2237 730 2277 manus
742 2236 830 2290 meas,

243 2303 271 2354 et
286 2299 373 2369 pedes
385 2300 510 2360 breomet
519 2299 609 2351 totam
620 2291 763 2350 Passionis
776 2299 831 2348 tuae

243 2368 367 2426 formam
392 2369 503 2424 servulo
529 2373 579 2421 tuo
608 2363 749 2436 imprime.
770 2365 829 2434 Da,

244 2439 373 2507 obsecro,
389 2437 459 2495 mihi
478 2435 624 2494 continere
642 2436 678 2494 ab
698 2433 831 2506 operibus

243 2509 337 2567 caruis
371 2527 413 2566 um
431 2507 525 2578 odisti,
542 2514 570 2565 et
585 2508 678 2564 lacere
690 2505 830 2578 justitiam

243 2597 307 2654 quae
332 2526 466 2648 daedali,
491 2587 529 2636 et
548 2578 577 2635 in
606 2583 726 2649 utroquo
751 2583 830 2634 tuam

243 2668 373 2725 querere
382 2648 704 2724 gloriamaetsinistram
714 2648 828 2720 quidem

242 2739 345 2789 meam.
359 2723 438 2781 olavo
456 2718 667 2795 temperantiae;
684 2719 829 2778 dexteram

242 2811 321 2864 vero,
337 2795 416 2853 olavo
437 2793 557 2868 justitie
581 2792 611 2850 in
639 2791 687 2850 illa
713 2791 828 2850 sublimi

242 2884 324 2926 eruco
335 2868 448 2925 allisam
459 2866 593 2926 arbitror.
601 2866 642 2922 Da
656 2863 744 2922 menti
758 2881 828 2923 mess

238 2939 346 3013 jngiter
354 2939 485 2998 meditari
497 2939 526 2996 in
540 2941 603 3010 lege
612 2943 672 3007 lua,
682 2941 711 2993 et
725 2935 828 2994 deinde

240 3027 274 3070 co
295 3010 398 3070 ilatum
411 3013 521 3085 jactare
537 3009 566 3067 in
583 3016 625 3079 te;
637 3013 666 3066 et
680 3008 827 3067 dexterum

239 3029 343 3156 pegam
356 3099 449 3142 meum
462 3085 554 3142 eidem
568 3081 645 3154 liguo
660 3079 725 3138 vitm
740 3079 828 3138 alaris

239 3155 400 3240 prudentias
426 3154 516 3230 elligi.
537 3156 579 3212 Da
608 3157 639 3210 ut
666 3151 827 3210 ministram

240 3232 355 3302 spiritus
369 3226 425 3286 mei
440 3226 654 3286 sensualitatem
670 3241 728 3282 non
742 3240 826 3282 enrr-

239 3307 286 3357 ret
299 3299 423 3358 labentis
437 3298 502 3358 vitas
517 3297 615 3357 inlelix
630 3295 758 3362 lelieilas,
774 3312 827 3354 nee

239 3373 389 3454 eonturbet
407 3370 542 3444 perennis
560 3369 626 3427 ritae
642 3367 747 3440 praeria
760 3367 825 3424 ielis

238 3443 389 3502 infelicitas
410 3459 417 3499 :
438 3447 466 3500 el
489 3441 606 3499 sinister
632 3455 745 3512 quoque
774 3454 825 3512 pes

238 3530 319 3572 meus
331 3513 410 3573 olavo
421 3512 594 3571 fortitudinis
606 3510 635 3568 in
648 3525 731 3567 cruce
745 3514 824 3567 tene·

238 3584 325 3643 bitur.
337 3586 373 3642 Ut
386 3590 482 3642 aulem
496 3589 524 3642 et
536 3583 684 3656 spinarum
693 3580 735 3639 tui
751 3580 825 3654 eapi-

236 3655 274 3714 tis
289 3655 384 3730 aliqua
398 3655 428 3714 in
444 3671 489 3714 me
504 3653 660 3713 similitudo
675 3659 822 3737 appareat²

237 3729 330 3800 delur,
345 3731 476 3798 obsecro,
490 3727 578 3786 menti
595 3742 677 3796 meae,
693 3731 722 3784 et
738 3729 822 3784 saluh

234 3799 411 3872 poenitentiae
437 3805 635 3874 compunctio,
664 3803 693 3857 et
720 3796 821 3855 aliene

234 3871 359 3930 miserias
381 3873 551 3947 compassio,
570 3879 599 3930 et
617 3869 749 3930 stimulus
768 3869 819 3927 zeli

231 3943 393 4002 emulanlis
409 3945 478 4004 illud
495 3945 571 4019 quod
590 3949 701 4002 rectum
715 3947 758 4000 est
772 3958 818 3998 co·

230 4031 293 4073 ram
311 4021 350 4085 te,
364 4023 393 4074 el
408 4019 444 4075 ad
461 4023 489 4074 ts
505 4025 687 4080 reconvertar
701 4013 731 4071 in
743 4029 818 4071 aeru-

231 4103 300 4171 mba
311 4103 385 4171 mea,
395 4090 463 4146 dum
473 4087 574 4162 triplex
587 4087 654 4172 mibi
666 4085 820 4158 conligatur

229 4175 327 4291 llllt
336 4161 457 4291 llas
466 4167 817 4306 {trituramur

890 581 967 650 pons·
982 563 1028 622 hic
1050 565 1175 623 mundus
1195 569 1341 640 tamquam
1357 571 1460 641 spongia

890 654 984 696 rnanrs
1007 641 1058 698 ast.
1080 646 1108 695 et
1135 637 1231 696 omnis
1250 640 1461 713 eoncupiscentia

891 711 952 782 ejus
967 715 1047 766 aceto
1061 709 1197 768 amarior.
1215 712 1267 770 lta.
1283 713 1372 782 Pater,
1385 712 1412 769 in
1425 729 1462 770 me

891 781 984 862 iiatut
995 781 1065 838 calix
1078 780 1131 839 iste
1148 798 1257 840 aureus
1272 784 1412 857 Babylonis
1427 783 1461 841 in·

891 855 1006 911 ebriens
1037 870 1153 912 ornnem
1185 863 1305 926 terram,
1328 871 1376 912 nee
1396 855 1461 912 inani

890 925 1042 998 splendore
1056 927 1189 996 seducat3
1205 943 1258 984 nec
1273 929 1342 986 laisa
1355 927 1463 985 dulcedi·

891 1013 927 1080 ne
936 997 1068 1080 inebriet.
1078 999 1143 1056 Ture
1155 1015 1272 1126 quoepus
1281 998 1393 1056 vivifica
1403 1015 1463 1056 mor·

891 1075 937 1140 hs,
949 1071 1076 1140 Domine,
1085 1070 1211 1144 et'hgrem
1234 1071 1310 1128 acies
1325 1071 1351 1128 in
1363 1086 1403 1128 me
1415 1087 1463 1128 ser·

891 1157 958 1198 vum
971 1147 1062 1210 tuum,
1073 1147 1103 1198 ut
1117 1145 1225 1200 moriar
1236 1142 1349 1216 quidem
1364 1147 1464 1214 peccalo

889 1213 1044 1296 secundum
1055 1229 1181 1283 carnem,
1189 1217 1284 1272 vivam
1293 1221 1382 1272 autem
1389 1215 1463 1286 justi·

890 1291 937 1341 hae
951 1285 1107 1342 secundum
1122 1286 1265 1358 spiritum.
1278 1287 1312 1344 Ut
1326 1295 1414 1344 autem
1430 1285 1464 1341 in

889 1361 1000 1430 tegram
1020 1356 1155 1414 Crucillri
1183 1356 1339 1430 imaginem
1363 1362 1463 1430 portus

891 1442 936 1485 me
961 1427 1078 1500 glorier,
1093 1429 1167 1512 illius
1184 1445 1300 1557 quoque
1319 1430 1389 1502 quod
1410 1432 1464 1501 post

890 1507 1010 1557 mortem
1023 1505 1102 1558 tuam
1116 1501 1252 1559 msahabi
1267 1501 1290 1559 is
1305 1501 1406 1558 malitia
1419 1499 1463 1556 im·

890 1571 1001 1644 piorum
1015 1571 1044 1628 in
1059 1580 1087 1629 te
1105 1573 1241 1642 exercuit,
1254 1575 1327 1630 banc
1341 1573 1369 1630 in
1384 1587 1423 1628 ure
1436 1571 1465 1626 si·

889 1643 1079 1702 militudinem
1106 1644 1244 1717 exprime.
1272 1645 1402 1704 Vulnersl
1423 1657 1465 1698 cor

890 1732 984 1773 meum
1010 1714 1087 1772 vivus
1114 1723 1143 1774 el
1162 1717 1264 1775 silicea
1283 1732 1374 1775 sermo
1398 1721 1462 1776 tuus.

889 1785 1462 1861 penetrabilioromnilanceaaoutissima‚

889 1867 918 1918 sl
933 1858 1100 1933 pertingens
1114 1863 1255 1933 usquead
1273 1855 1462 1918 interioraaui·

890 1947 943 1989 mas
957 1947 1044 2000 msae;
1060 1932 1243 2000 producator
1258 1948 1294 1990 ea
1304 1938 1464 2002 tamquama

889 2004 988 2061 dextro
1013 2003 1102 2060 latere
1122 2019 1185 2061 meo
1206 2003 1268 2062 vice
1290 2001 1463 2076 sanguiniset

889 2091 981 2148 aquae,
991 2091 1117 2132 amorem
1130 2081 1222 2144 tuum,
1236 2075 1365 2146 Domine,
1379 2079 1404 2129 et
1417 2072 1462 2128 lra-

889 2153 964 2204 lrum
981 2163 1119 2206 meorum.
1135 2149 1287 2207 Postremo
1300 2145 1401 2205 munda
1411 2143 1462 2200 sin·

888 2219 963 2276 done
993 2217 1093 2292 primm
1120 2220 1201 2277 stolae
1228 2221 1357 2294 spiritum
1379 2229 1460 2273 meum

888 2290 1112 2363 involvebant
1122 2292 1302 2364 requiescam
1314 2295 1341 2348 in
1375 2287 1460 2345 odiens

887 2365 923 2419 ad
935 2368 963 2420 te
978 2367 1007 2419 in
1022 2363 1116 2420 lorum
1129 2363 1340 2424 tabernaculis
1362 2357 1459 2417 mirabi-

888 2432 1459 2509 liselabscondasmedoner-,pertranseat

887 2507 966 2562 furor
976 2513 1049 2564 tuus.
1058 2509 1213 2566 Dieautem
1225 2508 1309 2567 tertio
1323 2513 1383 2590 post
1395 2501 1458 2560 diem

887 2578 1004 2647 laboris,
1019 2587 1084 2650 post
1108 2580 1184 2636 diem
1206 2580 1345 2654 simplicis
1361 2576 1457 2649 glorta,

887 2665 970 2707 mane
989 2651 1082 2722 prima
1104 2651 1226 2714 sabbati.
1244 2656 1378 2726 perpetuu
1396 2645 1458 2723 inter

887 2721 961 2778 lilios
973 2726 1038 2779 tuos
1051 2737 1096 2780 me
1111 2722 1341 2796 indignis-imum
1354 2731 1457 2776 resuscr·

886 2797 915 2850 la
924 2811 931 2862 ς
940 2798 971 2851 ul
981 2795 1007 2850 in
1020 2810 1104 2852 carne
1116 2811 1179 2852 mea
1190 2797 1303 2856 videam
1316 2793 1456 2850 claritatem

885 2869 974 2937 tuam,
1002 2869 1031 2924 et
1064 2865 1222 2938 adimplear
1253 2865 1351 2926 laetitia
1377 2864 1456 2918 rullus

886 2937 926 2995 tui
942 2955 949 2994 ι
967 2938 1056 2994 »baer
1069 2940 1227 2997 Ausetanos.

920 3033 935 3083 7
951 3011 1075 3068 Turuunu
1087 3013 1229 3069 Passionis
1239 3015 1339 3071 Dorum
1349 3017 1453 3064 uusrrns.

885 3111 920 3122 -
936 3081 1092 3154 Imaginem
1108 3085 1205 3156 itaque
1218 3080 1358 3149 eructuat,
1373 3087 1457 3153 seeun-

884 3151 954 3210 dum
969 3154 1085 3211 modum
1103 3154 1295 3228 premissum,
1312 3155 1421 3228 portans
1431 3155 1454 3198 tu

884 3228 922 3294 le,
937 3241 989 3283 ora
1002 3231 1030 3283 et
1044 3241 1151 3284 conare
1168 3233 1199 3285 ut
1212 3227 1329 3302 spiritus
1343 3229 1405 3300 tuus
1413 3231 1455 3272 tn·

883 3295 1014 3354 volvatur
1032 3298 1138 3356 munda
1157 3301 1280 3358 sindone
1297 3287 1454 3371 puritanae

882 3365 1065 3440 innoeenliae,
1081 3369 1110 3428 in
1149 3388 1184 3428 ua
1200 3372 1356 3430 absconsus
1370 3353 1452 3420 mundi

883 3438 1055 3520 sanitatibus
1066 3386 1212 3526 sepeiiaris
1223 3443 1253 3501 in
1269 3444 1375 3500 secreto
1389 3443 1454 3513 utel·

882 3513 919 3593 hs
938 3515 1006 3582 tua,
1023 3521 1052 3570 el
1068 3511 1107 3571 ibr
1123 3514 1287 3588 requiescas
1302 3513 1331 3570 in
1345 3504 1452 3566 medita·

881 3589 958 3640 tione
981 3585 1124 3643 Passionis
1143 3586 1317 3654 Dominicae;
1339 3580 1452 3638 mortuus

881 3654 995 3726 quidem
1009 3657 1126 3729 mundo,
1138 3665 1167 3715 et
1178 3659 1275 3716 virens
1286 3659 1341 3714 Deo
1368 3645 1452 3705 Ethai·

879 3733 978 3798 aperte
990 3727 1198 3801 signatumest,
1210 3729 1259 3788 ubi
1271 3727 1380 3790 dicitur,
1388 3709 1451 3789 quod

878 3797 969 3871 prelio
994 3801 1140 3876 sanguinis
1164 3801 1268 3860 Christi
1296 3789 1451 3870 emplusleil

878 3887 947 3943 ager
961 3871 1052 3944 ligula,
1063 3872 1093 3929 in
1110 3873 1287 3946 sepulturam
1304 3869 1450 3944 peregrino·

877 3958 956 4012 rum;
969 3942 1016 4001 ubi
1026 3943 1096 4002 dicit
1111 3945 1220 4016 illoesa,
1231 3944 1307 4019 quod
1319 3931 1449 4010 sepultura

877 4013 982 4071 Christi
999 4015 1068 4072 nihil
1088 4022 1132 4074 est
1148 4017 1225 4074 aliud
1267 4030 1328 4073 uam
1348 4011 1449 4088 mquam]

875 4085 1038 4156 Christiani,
1056 4094 1085 4144 et
1104 4093 1171 4145 tuno
1185 4105 1235 4146 cor
1245 4034 1330 4146 gebat
1343 4075 1447 4149 sigilllll

875 4157 968 4240 sigillo
980 4159 1123 4217 Passionis
1131 4159 1246 4224 Christi.
1255 4167 1283 4218 et
1291 4147 1449 4216 clausenti-

876 4245 938 4287 nerr
954 4246 986 4286 ac
999 4231 1145 4288 custodiri.
1160 4231 1269 4290 Deinde
1281 4231 1321 4288 sie
1334 4215 1448 4292 seP¹¹¹¹⁰⁵

230 4303 385 4364 titudinem
411 4303 507 4379 gustui
526 4319 590 4363 meo
615 4302 764 4372 adhibeas,
787 4304 817 4358 ut
872 4299 1027 4359 iussoreto
1041 4296 1447 4363 menustuaeabomnibusvl·

231 4393 282 4446 per
295 4377 455 4451 Scripturas
468 4384 532 4436 tuas
546 4374 650 4436 rationi
665 4389 738 4433 mem
752 4388 817 4431 eon·
872 4372 1020 4446 nitatibus,
1040 4375 1198 4448 gloriosum
1218 4375 1342 4434 triduum
1359 4361 1449 4422 mortis

231 4449 306 4509 leros
321 4455 435 4526 gustare
449 4454 477 4510 et
491 4449 600 4520 ridere,
613 4447 747 4522 quoniam
762 4446 814 4504 llo-
872 4443 977 4503 Christi
988 4461 1109 4521 peragas
1122 4463 1129 4505 :
1141 4463 1262 4523 quorum
1280 4441 1384 4519 primus
1393 4425 1446 4486 dies
