3104 5034
190 389 237 444 300

193 496 381 560 dicabantur,
414 487 465 554 sed
495 496 721 565 damnabuntur;
751 499 783 552 ut

193 583 314 639 quorum
337 567 412 626 mala
426 567 527 626 merita
542 567 656 626 omnino
671 570 781 640 imper-

196 639 283 696 mixta
299 645 366 696 sunt
383 638 476 708 bonis,
490 645 521 696 ut
535 638 583 712 qui
607 640 693 696 lnlom
708 637 781 696 reci-

194 727 262 783 pere
277 710 440 780 noluerunt,
461 717 491 768 et
514 711 698 768 fundamento
715 710 781 766 fidei

194 789 355 852 caruerunt,
379 781 424 838 vel
448 781 495 854 qui
522 787 681 854 susceptam
696 781 782 839 tidem

194 853 275 926 quasi
298 869 350 926 per
366 853 539 935 apostasiam
558 855 727 924 reJecerunt,
748 853 783 909 de

114 961 118 970 ·
195 924 299 1051 quibus
314 926 450 981 Dominus
469 923 561 982 dicit:
584 927 638 993 Qui
656 941 710 982 noa
726 941 783 980 cre·

216 996 321 1062 it‚1'em
343 995 489 1064 judicatus
506 1001 562 1065 est;
579 1003 608 1054 et
631 995 785 1068 dequibus

197 1067 300 1122 Paulus
312 1065 353 1123 ait
365 1083 372 1122 ι
387 1067 442 1134 Qui
453 1070 513 1123 sine
521 1069 579 1136 lepe
592 1071 783 1138 peccauerunt,

195 1140 255 1193 sine
270 1139 328 1204 lcqe
352 1138 492 1208 peribunt,
514 1137 550 1194 de
576 1137 679 1210 quibus
698 1137 785 1195 etiam

200 1207 467 1279 Psalmistainqnit:
481 1212 543 1268 Non
552 1215 695 1278 reserpent
704 1211 787 1280 impii

195 1280 358 1348 injudicio.
385 1281 545 1353 Resurgent
572 1279 676 1352 quippe
698 1279 785 1337 etiam

197 1365 297 1406 omnes
315 1349 446 1408 infideles
462 1393 469 1421 ,
485 1351 535 1408 scd
550 1353 585 1408 ad
601 1359 784 1422 tormentum,

195 1423 295 1478 nonad
305 1421 456 1495 judicium.
468 1423 548 1480 Unde
560 1422 600 1479 ait
609 1425 705 1480 Petrus
718 1424 786 1482 Gen·

198 1498 265 1549 tor:
294 1517 308 1546 κ
322 1495 376 1562 Qui
402 1511 456 1551 raon
482 1495 580 1560 credit,
596 1510 655 1552 non
676 1495 786 1552 hahens

197 1563 305 1622 scilieet
324 1567 518 1624 characterem
538 1565 786 1635 lldei,1am1'adi·

196 1642 274 1693 catns
288 1643 337 1693 est.
351 1640 411 1694 llon
426 1638 502 1695 enim
516 1639 565 1695 het
579 1653 643 1694 cum
660 1636 709 1694 tali
725 1637 785 1694 dis·

195 1707 288 1765 cassio
312 1716 341 1765 et
365 1709 545 1779 examinatio,
573 1725 637 1765 cum
662 1711 786 1766 caruerit

199 1779 364 1837 charactere
375 1785 405 1836 et
419 1779 545 1837 dominio
561 1779 656 1852 Regis,
673 1785 702 1837 et
716 1796 783 1837 con·

196 1855 250 1906 stct
269 1853 355 1907 curiae
381 1851 467 1908 talem
489 1867 549 1908 esse
580 1853 614 1908 de
642 1851 783 1924 reprobis,

197 1921 299 2003 necdo
323 1921 430 2004 familie
446 1922 514 1992 llei3
533 1922 608 1981 unde
631 1922 693 1980 sine
713 1939 783 1980 sen-

196 1998 286 2049 tentia
302 1999 430 2066 rapietur
455 1993 605 2067 inignem
632 2001 781 2052 aternum.

199 2065 311 2146 liabens
325 2073 421 2136 autem
433 2067 628 2124 characterem
643 2065 740 2139 Regis,
755 2070 785 2124 et

196 2151 309 2206 signum
324 2153 380 2210 quo
395 2139 431 2196 ab
450 2139 514 2196 aliis
538 2143 687 2208 separatus
710 2142 782 2207 crat,

192 2206 326 2266 citabitur
342 2214 373 2266 ut
384 2211 469 2267 homo
486 2209 598 2282 regius3
614 2210 665 2267 sed
679 2215 707 2266 et
718 2227 783 2280 qnae

137 2315 143 2324 -
194 2278 332 2337 discussio
347 2285 374 2337 et
384 2281 550 2354 disceptatio
563 2297 627 2338 cum
642 2298 675 2338 eo
687 2281 701 2336 ‘l
714 2285 782 2338 lisu-

195 2352 254 2405 rici
264 2354 346 2410 enim.
358 2357 384 2408 et
393 2369 448 2409 aon
459 2355 576 2410 dedistis
586 2355 658 2409 mihi
667 2353 783 2410 manda-

194 2437 266 2489 core,
281 2427 335 2478 otc.
351 2424 535 2495 Tandemque
550 2439 602 2496 pro
617 2439 674 2480 non
690 2439 782 2481 serva·

78 2519 85 2531 ·
194 2497 223 2548 to
242 2493 416 2560 charactere,
433 2499 462 2551 et
474 2493 602 2550 dominio
617 2496 714 2566 Regis,
731 2495 782 2552 liet

195 2563 336 2619 sententia
349 2565 663 2622 ineumdamnandum.
673 2586 688 2616 n
701 2567 781 2623 Unde

195 2637 223 2689 et
240 2633 388 2702 (iconomus
405 2653 438 2692 :n
454 2636 524 2692 Nem
537 2640 566 2692 et
581 2635 710 2708 princeps
722 2642 780 2694 ter·

196 2703 781 2785 rannmrempublicamregens,atiterpu-

195 2774 781 2852 nxtciveminteriusdelinquentem,etque

195 2845 781 2929 aliterhostemrxtcriusrebellantemln

195 2918 244 2975 illo
270 2919 358 2990 enim,
374 2920 482 2979 scilicet
501 2921 531 2979 in
555 2922 616 2980 cire
636 2923 703 2994 jnra
730 2939 782 2980 sua

199 2991 320 3048 consulit
332 3009 339 3060 ;
356 2998 453 3050 contra
467 2993 579 3051 hostem
595 3010 662 3051 vero
676 2994 781 3052 bellurn

196 3068 301 3131 movet,
312 3068 341 3120 et
353 3063 388 3120 de
403 3081 487 3136 poena
500 3067 573 3138 ejus,
587 3065 655 3136 quid
669 3066 713 3123 lex
728 3067 780 3124 ha-

196 3133 270 3200 heat,
288 3150 345 3191 non
361 3135 479 3208 requirit
495 3153 502 3192 ι
518 3157 532 3190 n
547 3138 609 3194 baec
623 3137 779 3206 drepanius.

198 3203 319 3286 Pueriecti
332 3221 401 3278 ergo
424 3207 598 3278 'udicabunt,
618 3216 647 3264 et
661 3225 719 3266 non
736 3209 782 3281 ju-

195 3274 383 3359 dicabuntur,
398 3295 415 3336 a
428 3279 446 3335 ii
460 3279 568 3350 fideles,
586 3281 660 3338 iacta
674 3281 782 3336 discus·

197 3362 278 3430 spone
292 3351 469 3420 Evangelica,
493 3351 527 3408 dc
542 3351 676 3424 operibus
692 3351 783 3408 mise-

197 3420 328 3478 rrcordiae
352 3421 576 3493 judicabuntur,
605 3421 721 3494 quidam
747 3423 784 3480 ad

198 3491 316 3560 gloriam
329 3493 446 3565 quidam
461 3493 619 3566 adpoensm
631 3511 638 3562 3
652 3492 783 3552 infideles

197 3567 291 3620 antem
301 3564 360 3636 jam
369 3563 487 3636 judicati
502 3570 576 3623 sunt.
762 3633 765 3640 ι

231 3637 403 3693 8Junrcanor
424 3654 522 3694 sonus.
538 3669 573 3679 -
589 3635 642 3694 Ubi
659 3652 714 3693 non
728 3653 783 3709 pu-

198 3708 282 3774 tetur,
297 3713 487 3779 pertractum
503 3713 532 3766 et
545 3723 655 3766 morem
673 3713 782 3780 tempo·

196 3773 235 3830 ris
247 3775 423 3848 singulorum
434 3780 671 3838 examinationem
679 3779 784 3838 lacien-

196 3845 273 3928 dam,
297 3849 347 3905 sed
372 3850 457 3908 simul
476 3853 579 3910 merita
603 3851 782 3922 singulorum

197 3916 339 3986 discutiet,
356 3925 384 3976 et
400 3924 527 3982 discussa
540 3921 688 3997 iudicabit.
704 3926 782 3982 Tunc

195 3986 240 4046 eni
245 4005 271 4044 nr
286 3989 351 4069 libri
361 3993 597 4052 conscientiarum
610 3996 780 4078 pandentur,

194 4059 296 4144 etipse
311 4059 384 4119 liber
399 4064 553 4136 aperietur,
569 4083 617 4138 qur
631 4066 735 4124 dicitur
747 4065 781 4122 li-

194 4133 246 4190 ber
258 4135 347 4202 Vrtae;
370 4134 487 4205 quatiet
503 4142 533 4192 ut
548 4137 632 4194 simul
652 4138 780 4196 omniurn

193 4203 292 4262 omnia
302 4213 412 4262 secreta
426 4207 557 4264 omnibus
570 4214 650 4266 tanta
664 4209 780 4266 certitu·

195 4275 269 4334 dinis
295 4276 424 4335 claritate
452 4283 606 4350 patescant,
632 4285 781 4336 utcontra

194 4349 386 4407 testimonium
415 4348 542 4406 veritatis
583 4351 724 4421 loquentis
751 4350 777 4406 in

503 391 659 446 SECUNDAE
686 391 802 446 Pluris
831 391 937 444 tthllT
965 391 1128 446 lxxxvii

839 495 962 566 Christo,
978 499 1007 552 et
1021 495 1203 553 conscientiae
1228 495 1371 568 cujusque
1386 513 1432 568 pa·

838 567 908 624 riter
935 566 1133 635 contestantis,
1162 567 1243 624 nulla
1272 567 1433 638 inficiendi,

839 638 1021 708 defendendi,
1041 638 1085 695 vel
1111 639 1278 709 excusandi,
1295 655 1349 696 seu
1369 645 1434 696 sub-

840 709 1010 782 terfugiendi
1027 714 1123 780 pateat
1138 710 1252 777 semita,
1273 711 1345 783 quin
1361 711 1434 767 reci·

839 781 898 854 piat
926 781 1121 854 unusquisque
1144 783 1302 840 secundum
1333 783 1435 840 menta

840 852 1377 922 suaUndeAuqustinas:«Fietenim
1386 854 1436 910 rir-

841 923 1028 992 tute'dirina,
1046 929 1079 981 ut
1093 925 1195 996 cuique
1211 941 1303 1008 opera
1323 941 1379 982 sun
1394 926 1436 982 ret

842 995 928 1066 bona,
944 994 988 1052 vel
1005 996 1082 1052 mala
1096 1001 1202 1053 cuncta
1216 1013 1246 1052 an
1263 996 1437 1054 memoriam
1537 1043 1538 1056 ,

842 1071 1020 1135 revocentur,
1029 1073 1058 1123 et
1069 1067 1171 1124 urentis
1181 1067 1287 1125 intuitu
1301 1067 1381 1125 mira
1394 1085 1436 1126 ce·
1537 1075 1538 1088 ¹

842 1136 953 1195 leritate
967 1143 1130 1206 cernantur,
1146 1143 1176 1196 ut
1189 1141 1232 1195 vel
1248 1145 1381 1210 accuset,
1395 1142 1436 1197 rel
1537 1183 1538 1198 ,

843 1215 957 1266 excuset
977 1208 1152 1267 conscientia
1176 1210 1401 1268 conscientiam.
1423 1234 1437 1262 a
1537 1235 1538 1282 3

843 1282 921 1338 Tunc
937 1281 1104 1350 apertaerit
1122 1280 1265 1354 separatio
1280 1283 1357 1338 sicut
1376 1299 1437 1338 mo·

842 1368 916 1420 rum,
929 1351 969 1408 sic
982 1357 1011 1408 et
1024 1350 1087 1408 vitae
1099 1352 1288 1424 singulorum.
1301 1353 1380 1410 Dicit
1390 1371 1439 1410 au·

842 1430 900 1480 tem
912 1422 987 1480 idem
999 1424 1184 1492 depastinas,
1198 1425 1275 1495 qnod
1285 1430 1333 1481 tot
1342 1425 1438 1482 honri·

842 1511 893 1551 nes
905 1495 1103 1564 salvabuntur,
1117 1501 1187 1568 quot
1200 1494 1270 1552 olim
1284 1497 1438 1554 daemones
1537 1509 1538 1516 ’

841 1566 1017 1634 ceciderunt,
1029 1566 1080 1622 sod
1094 1567 1241 1636 Greqorias
1259 1567 1343 1636 dicit,
1356 1569 1434 1640 quod

840 1641 883 1694 tot
898 1638 1027 1694 homines
1038 1637 1235 1706 salvabuntur,
1248 1644 1320 1710 quot
1332 1641 1436 1711 Angeli

839 1709 1035 1781 perstiterunt.
1052 1707 1187 1767 Dixerunt
1201 1711 1288 1767 etiam
1300 1710 1433 1782 qnidam,

839 1780 917 1862 quod
931 1781 986 1836 duo
1001 1779 1124 1852 parietes
1136 1787 1220 1839 erunt
1231 1781 1260 1838 in
1277 1782 1365 1852 coelu,
1378 1783 1435 1840 sci-

839 1851 905 1909 licet
923 1867 1000 1908 unus
1016 1851 1174 1922 hominum,
1198 1859 1227 1908 et
1247 1853 1322 1910 alter
1344 1859 1435 1926 Ange
1537 1889 1538 1900 ,

839 1923 944 1990 lorum,
959 1927 987 1979 et
1002 1923 1079 1996 quod
1097 1923 1180 1982 ruina
1194 1925 1373 1997 Angelorum
1388 1942 1432 1982 re·

838 1993 1074 2066 staurabiturpcr
1088 1995 1221 2066 virgines
1233 2002 1262 2053 et
1271 1996 1308 2053 de
1318 1996 1378 2053 alio
1388 2014 1434 2068 pa·

839 2067 911 2122 ciete
926 2071 968 2123 tot
985 2073 1072 2123 erunt
1087 2067 1227 2138 salvandi,
1241 2075 1312 2140 quot
1325 2067 1358 2125 in
1377 2070 1433 2126 alio

839 2135 948 2210 pariete
963 2143 1029 2194 sunt
1045 2136 1171 2210 virgines
1185 2145 1214 2196 et
1227 2139 1342 2210 hugeli.

875 2232 892 2283 9
906 2209 986 2277 qux
998 2225 1085 2266 urrais
1094 2227 1190 2268 aunrcn
1200 2227 1374 2268 naconnxrro
1383 2213 1390 2268 !
1398 2241 1433 2254 -

838 2282 948 2338 Bonum
963 2286 1035 2338 esset
1061 2287 1088 2338 et
1110 2282 1178 2340 utile
1202 2282 1237 2338 de
1253 2282 1309 2339 hoc
1322 2282 1432 2351 judicio

837 2352 1002 2424 frequenter
1017 2352 1153 2424 cogitare,
1168 2357 1198 2410 ut
1212 2351 1351 2424 cogitatio
1366 2361 1429 2410 tan·

836 2427 873 2480 tae
891 2426 1031 2495 angustiae
1056 2423 1139 2480 nobis
1164 2425 1299 2482 timorem
1320 2424 1429 2482 incute·

836 2499 890 2564 ret,
906 2500 932 2551 et
947 2493 1034 2551 timor
1046 2496 1178 2553 incussus
1192 2513 1210 2553 a
1225 2495 1312 2553 nohis
1327 2511 1431 2570 peccia-

835 2569 896 2622 tum
909 2573 1103 2638 perpetratum
1118 2568 1284 2640 expetierat,
1301 2576 1331 2624 et
1344 2584 1400 2624 nos
1413 2585 1430 2624 a

837 2637 1028 2710 perpetrando
1054 2643 1177 2708 arceret,
1192 2639 1322 2712 exemplo
1336 2641 1431 2696 Hiero

835 2711 914 2776 anmi
924 2707 1044 2766 dicentis
1058 2732 1064 2766 :
1080 2729 1095 2764 a
1111 2710 1174 2768 Sive
1192 2711 1353 2780 comedam,
1372 2709 1430 2767 sine

836 2780 943 2862 bibam,
956 2779 1014 2836 sive
1027 2780 1136 2853 aliquid
1145 2783 1223 2839 aliud
1235 2781 1429 2850 laciam,sem·

836 2853 1016 2935 pervidetur
1041 2851 1070 2909 in
1095 2853 1212 2911 auribus
1232 2856 1305 2910 meis
1326 2867 1429 2910 sonare

835 2924 885 2980 rlla
901 2939 952 2979 vox
965 2922 1121 2982 terribilis:
1138 2925 1251 2994 Surgite
1266 2923 1386 2992 mortui,
1402 2931 1428 2981 et

835 2993 929 3052 venite
944 2995 980 3050 ad
992 2994 1140 3066 judicium.
1157 3017 1172 3048 n
1188 2996 1266 3054 Unde
1282 3001 1310 3052 et
1326 2997 1429 3065 Greqo·

834 3068 916 3122 rius:
934 3089 947 3116 ι
963 3065 992 3122 Si
1015 3082 1071 3138 qua
1088 3074 1131 3124 est
1146 3067 1298 3138 presentis
1314 3073 1431 3139 tempo·

836 3137 877 3195 ris
897 3135 1006 3206 laetitia,
1030 3137 1070 3195 ita
1089 3138 1202 3211 agenda
1224 3144 1278 3206 est,
1296 3143 1329 3194 ut
1350 3155 1431 3194 nurn-

836 3224 921 3281 qnam
945 3207 1105 3266 amaritudo
1130 3209 1277 3283 sequentis
1292 3209 1429 3281 judiciis

839 3279 1108 3338 memoriarccedat.
1120 3300 1133 3334 n
1144 3282 1224 3339 Unde
1233 3280 1320 3338 etiam
1331 3283 1429 3337 dasei-

837 3368 920 3408 mue:
938 3351 1105 3420 aScriptum
1122 3355 1224 3410 est:la
1242 3351 1428 3421 matutino‚id

837 3429 881 3480 est
894 3424 922 3480 in
934 3423 1174 3496 contemplatione
1184 3423 1303 3480 extremi
1312 3423 1428 3495 judicii,

837 3495 912 3566 quod
922 3493 998 3550 nocti
1008 3495 1144 3566 praesenti
1154 3502 1299 3568 tamquam
1311 3497 1357 3551 lus
1368 3511 1429 3550 ma·

836 3565 927 3621 tutina
940 3565 1075 3635 succedit,
1090 3569 1212 3638 interfice
1225 3583 1317 3624 omnes
1331 3583 1429 3636 pecca-

837 3643 907 3694 tores
915 3636 1035 3698 terr-aeid
1046 3644 1090 3694 est
1100 3637 1298 3710 delictaatque
1310 3643 1430 3709 peccata

836 3707 1063 3765 conversationis
1078 3713 1217 3779 tercence3
1234 3715 1265 3764 ut
1278 3709 1427 3780 disperdas

835 3781 989 3837 decivitate
1005 3783 1125 3846 Domini,
1142 3796 1229 3853 quam
1244 3779 1273 3836 in
1288 3785 1316 3836 te
1332 3779 1374 3836 illi
1389 3795 1425 3836 ce-

836 3851 953 3908 dilrcare
977 3850 1074 3920 debeS,
1092 3868 1184 3908 omnes
1211 3856 1354 3924 operantes
1370 3854 1427 3906 ini-

836 3925 980 3994 quitatem,
994 3924 1020 3978 id
1034 3929 1077 3980 est
1091 3923 1248 3981 diabolicas
1267 3923 1426 3996 suggestio-

836 4010 897 4063 nes,
911 3993 1032 4051 odibiles
1047 3995 1105 4052 Deo
1120 3994 1334 4064 delectationes,
1348 4009 1425 4050 mor·

834 4064 932 4122 tilaros
958 4081 1123 4134 consensus,
1152 4072 1238 4138 atquc
1261 4081 1351 4138 opera
1365 4081 1425 4138 per·

835 4153 928 4194 versa.
945 4137 986 4193 tlb
999 4135 1131 4195 omnibus
1155 4136 1209 4204 his,
1225 4141 1371 4208 tamquam
1387 4137 1425 4192 ci-

835 4207 907 4265 vitas
924 4207 983 4278 liei,
999 4208 1086 4265 debes
1109 4208 1272 4277 emundari,
1295 4215 1326 4263 ut
1339 4209 1425 4280 plari-

835 4279 946 4336 tamin
973 4287 1000 4337 te
1029 4280 1205 4337 mansionem
1228 4279 1281 4336 sihi
1308 4279 1426 4336 Creator

837 4350 973 4418 inueniat,
998 4349 1135 4422 obtineat,
1166 4357 1195 4408 ct
1217 4350 1364 4426 possideat
1383 4367 1390 4406 :
1408 4373 1422 4400 1>
