2974 5040
162 347 193 402 68
508 338 664 396 SdGUllM
691 335 807 392 ltltlls
834 336 940 390 cllut
967 337 1040 394 thl

161 455 253 508 runt:
275 470 289 500 u
309 449 372 508 haec
389 447 474 506 Beda.
497 445 634 504 Similiter
652 445 744 504 adbuc
800 441 839 500 lia
865 450 945 512 snut;
972 443 1020 502 nbi
1039 449 1135 502 autem
1158 450 1203 504 est
1225 447 1335 514 lesus,
1356 446 1394 505 ibi

159 523 246 580 hodie
268 521 355 594 aliqui
380 519 470 591 migis
490 521 620 574 nituntur
634 518 745 574 sulcare
801 515 976 596 suatoinnia
993 520 1067 574 bona
1079 523 1109 573 et
1122 533 1176 592 pax
1193 535 1200 574 :
1220 520 1314 576 ubtec
1329 521 1393 578 Ori-

159 602 189 652 et
213 592 300 651 etiam
316 607 484 665 promovere
496 591 587 646 melos
616 589 746 646 homines
800 601 890 656 penes.
908 587 1100 658 spiritualiter
1115 590 1202 646 bomo
1216 589 1340 648 rinctus
1354 599 1396 649 cst

158 681 245 738 quern
266 666 369 732 bonos,
387 670 416 719 et
435 661 464 718 in
486 661 582 718 multis
602 659 747 718 electioni·
801 673 853 731 per
863 665 1051 730 peccetumet
1060 660 1169 732 positus
1180 663 1344 720 incarcere
1353 681 1396 720 se-

158 737 214 795 bus
228 751 261 792 ac
275 731 487 807 provisionibus
498 735 591 800 lesus,
605 732 634 789 id
650 739 694 789 est
704 731 747 788 vir
802 730 927 786 cundum
947 746 1050 801 corpus
1063 739 1091 787 et
1106 732 1242 800 animam,
1259 731 1300 790 ite
1315 736 1397 806 quod

161 809 254 866 bonus
269 821 303 863 ac
321 805 434 876 dignus,
451 811 480 862 at
495 803 544 861 Dei
559 803 680 872 amicus,
697 801 746 875 qui
802 797 861 858 sint
874 801 931 884 duo
944 800 1031 858 vineti
1044 819 1051 860 :
1062 819 1166 876 corpus
1176 813 1205 861 et
1214 804 1327 862 anima.
1343 805 1398 864 Sed

161 894 192 936 se
206 883 236 936 et
249 878 322 934 alios
332 877 442 934 salvare
455 875 550 944 vellet,
565 875 746 948 reprobetur,
802 873 838 928 de
854 875 898 928 bis
917 889 990 930 unns
1008 878 1133 944 tanturn,
1147 877 1177 932 in
1200 876 1256 932 boc
1282 879 1398 936 mundo

159 955 189 1008 et
201 950 342 1008 Barrabas
354 949 428 1006 latro
442 947 573 1021 insignis,
588 946 618 1004 id
633 951 677 1003 est
690 961 748 1002 ma·
802 943 918 1001 liberari
936 951 1030 1016 potest
1045 962 1053 1002 ι
1067 948 1165 1004 anima
1183 946 1292 1004 scilicet
1305 956 1397 1022 pote·

160 1023 205 1079 lus
219 1037 253 1078 ac
267 1019 402 1103 indignus
418 1023 448 1077 ct
462 1018 567 1076 Christi
579 1017 681 1086 bostis,
697 1015 746 1090 qui
802 1016 840 1071 rit
865 1015 993 1098 liberari,
1009 1015 1034 1073 ai
1056 1021 1154 1074 tamen
1179 1033 1284 1092 corpus
1301 1019 1399 1092 poeni·

159 1097 231 1150 seat
243 1093 315 1150 elios
328 1108 358 1150 in
373 1089 470 1148 anima
479 1089 605 1163 perimit,
620 1088 744 1162 eligitur.
802 1092 899 1144 teutrae
909 1087 1066 1160 etllagellis
1077 1095 1247 1160 exponatur,
1257 1090 1299 1147 sic
1312 1093 1398 1150 enim

160 1163 251 1234 Unde,
272 1163 320 1237 qui
342 1163 372 1220 in
391 1163 498 1220 talibus
518 1160 747 1232 promotionibus
802 1157 929 1215 animam
945 1160 1059 1232 aculpa
1075 1166 1105 1216 et
1126 1177 1247 1234 apoeua
1267 1161 1397 1234 liberet;

157 1235 289 1294 iaciendo
308 1235 351 1294 rel
370 1233 576 1292 consentiendo
591 1230 747 1306 culpabiles
802 1231 826 1286 si
843 1245 910 1312 vero
924 1245 1030 1312 ¹corpus
1044 1231 1192 1301 liberetur,
1214 1233 1310 1290 adhue
1334 1252 1398 1292 ma·

158 1313 236 1376 aunt,
250 1307 311 1380 ipso
324 1321 375 1364 auo
388 1305 517 1362 lactorel
528 1320 671 1362 consensu
682 1319 746 1360 con·
801 1302 882 1359 nebit
905 1311 1000 1359 vincta
1019 1302 1127 1373 anima,
1141 1309 1171 1362 et
1189 1304 1343 1378 suppliciis
1364 1324 1398 1365 ac

157 1377 256 1436 dicunt
273 1377 380 1436 ludaeis
398 1393 406 1433 ε
425 1379 486 1433 Non
501 1377 588 1444 bunc,
605 1375 655 1432 sed
675 1377 745 1432 Bar·
802 1371 924 1456 flagellis
946 1379 1104 1446 exponetur
1125 1375 1262 1433 aeternis:
1279 1383 1308 1433 et
1326 1377 1396 1436 ideo

160 1451 272 1508 rabam.
287 1451 371 1508 lesus
396 1463 465 1506 vero
491 1447 528 1504 ad
554 1447 653 1504 omnia
671 1451 747 1503 tacet
802 1446 1397 1522 meliusestquodanimalibereturquam

159 1520 303 1595 patienter
318 1535 404 1577 cauas
418 1519 595 1576 oblatrantes
607 1519 745 1588 tolerans,
802 1531 915 1588 corpus,
943 1516 1013 1588 quia
1034 1516 1058 1574 si
1079 1534 1181 1591 corpus
1205 1521 1398 1593 suspenditur

89 1601 91 1604 ’
160 1597 190 1650 et
203 1607 255 1649 sua
268 1589 405 1664 patientia
428 1605 480 1646 nos
499 1605 623 1648 armans.
640 1589 746 1646 Consi-

161 1663 231 1720 dera
262 1662 307 1720 bic
332 1667 470 1733 occentum
492 1659 596 1718 Christi
619 1659 746 1716 animum

161 1731 289 1791 sauciare
310 1731 412 1804 potuit,
428 1731 503 1804 quod
518 1737 577 1788 tam
591 1731 747 1788 sceleratus

161 1809 190 1862 et
210 1803 275 1861 vilis
296 1805 381 1861 bomo
404 1802 611 1876 preferebatur
626 1801 679 1860 sibi
699 1806 746 1859 bo·

161 1875 311 1933 mini-Deo
338 1873 368 1932 in
401 1881 524 1943 mutum,
554 1879 586 1931 ut
617 1879 747 1947 peterent

162 1945 240 2006 illius
255 1947 342 2005 vitam
357 1953 386 2005 et
401 1945 482 2004 istius
496 1953 628 2003 mortem.
646 1947 747 2002 Pecca-

163 2026 266 2078 rerunt
289 2025 386 2078 autem
409 2018 438 2076 in
466 2019 588 2087 duobus,
614 2017 745 2075 scilicet:

160 2091 228 2164 quia
242 2107 324 2150 reum
342 2092 476 2164 petebant
496 2089 622 2160 liberari,
638 2095 667 2146 et
680 2087 745 2172 quia

99 2225 106 2236 ,
161 2162 343 2222 innocentem
362 2161 503 2232 damnari,
525 2163 600 2220 uude
624 2159 654 2218 in
674 2162 746 2219 libro

162 2234 381 2293 Proverbiorum
391 2252 399 2291 ε
411 2237 465 2302 Qui
471 2234 609 2303 justificat
618 2236 746 2304 impium,

162 2311 188 2362 et
204 2307 364 2362 coadunant
374 2305 498 2375 justumr
514 2311 629 2375 uterque
642 2306 746 2362 abomi-

162 2376 267 2433 nabilia
279 2382 319 2432 est
333 2375 410 2446 apud
424 2379 518 2432 licum.

200 2449 296 2504 51)υο
325 2463 486 2502 nocuaarrrn
512 2463 546 2501 ax
572 2461 747 2502 eucarium

162 2521 320 2586 Bariana,
348 2534 431 2574 uerus
452 2533 684 2574 couronunriorus
715 2535 747 2574 ar

164 2606 273 2648 onarro.
289 2619 323 2631 -
339 2590 378 2645 Ex
390 2587 445 2645 isto
461 2587 582 2644 articulo
596 2591 748 2646 trabuntur

165 2661 221 2718 duo
242 2660 422 2719 documento.
447 2658 575 2716 Primum
599 2663 653 2728 cst,
671 2660 747 2732 quod

165 2747 218 2790 nos
238 2730 439 2804 equanimiter
459 2731 625 2801 toleremus,
648 2729 671 2788 si
692 2730 747 2788 ali·

164 2803 280 2876 quando
304 2803 494 2877 preferantur
516 2802 597 2861 nobis
615 2818 747 2876 persona

164 2873 745 2946 infirmioresethumiliorisconditionis3

164 2945 232 3022 quia
248 2947 321 3004 latro
338 2946 449 3004 Christo
475 2945 528 3004 luit
546 2947 689 3018 praelatus.
712 2977 747 2990 -

164 3019 326 3076 Secundum
346 3023 399 3088 est,
413 3017 490 3091 quod
501 3033 652 3075 careamus
666 3033 701 3075 ue
718 3023 748 3076 et

164 3105 218 3148 noa
235 3090 392 3148 Barrabam
415 3089 528 3148 Christo
548 3091 745 3163 praeleramus.

163 3162 244 3220 ltulti
264 3165 340 3220 enim
364 3163 457 3220 adbuc
477 3161 561 3220 hodie
583 3161 747 3219 desiderant

162 3235 318 3292 barrabam
347 3233 400 3292 sibi
427 3233 509 3302 solvi,
547 3239 575 3290 et
599 3233 745 3290 Christum

161 3305 287 3362 vinctum
299 3322 379 3374 esse;
390 3305 466 3378 qnia,
478 3311 510 3361 ut
523 3303 592 3360 dicit
604 3304 745 3374 Oripeuerc

163 3396 179 3430 u
193 3377 352 3448 omnesqui
364 3376 470 3434 ludaeis
481 3382 546 3430 sunt
557 3375 674 3443 similes,
686 3379 745 3433 sire

160 3445 191 3504 in
204 3447 242 3504 do
264 3454 349 3515 mete,
362 3446 421 3503 obe
432 3445 535 3512 invita,
544 3447 698 3504 barrabam
709 3445 746 3503 si·

162 3517 192 3576 hi
207 3463 276 3574 sofr
291 3517 465 3574 desiderant.
482 3515 658 3589 Quicumque
669 3518 745 3575 euim

161 3589 236 3646 male
248 3587 318 3660 agit,
331 3589 442 3646 solutus
452 3595 496 3646 est
510 3588 539 3645 iu
554 3605 672 3660 corpore
683 3589 745 3660 ejus

161 3661 315 3728 Barrabas,
335 3659 464 3718 cnristus
491 3666 588 3718 aulem
615 3661 742 3730 vinctus;

161 3731 208 3803 qni
223 3737 319 3789 autern
336 3733 441 3789 bonum
456 3732 525 3805 agit,
537 3732 682 3791 Christum
697 3735 745 3789 ba-

160 3801 210 3860 het
228 3803 363 3872 solutum,
379 3805 535 3861 Barrubem
556 3808 690 3861 vinctum.
711 3806 745 3860 nt

160 3875 235 3944 ideo,
251 3872 323 3930 sicut
336 3875 427 3932 Juuaei
439 3883 650 3947 postquampro
662 3875 743 3932 Cbri·

159 3947 204 4000 sto
229 3945 378 4028 elegerunt
406 3949 561 4003 Barrabum
588 3948 743 4015 latronem,

159 4016 318 4073 latrocimis
336 4023 364 4074 et
383 4016 572 4074 seditionibus
592 4023 659 4074 sunt
674 4021 743 4074 eub-

159 4086 251 4158 verai;
266 4087 306 4144 sic
319 4094 348 4146 et
362 4103 436 4145 nunc
449 4103 634 4161 quacumque
648 4103 743 4144 anima

158 4159 305 4246 preelegit
322 4161 488 4222 Barrabam.
506 4158 555 4216 illa
573 4175 687 4230 semper
701 4159 743 4242 la3

155 4231 284 4292 trocinirs
295 4231 444 4292 diabolicis
458 4230 673 4290 exterminatur.
691 4233 743 4290 Ubi

157 4303 234 4363 enim
250 4319 307 4364 non
322 4309 366 4364 est
380 4307 476 4374 lesus,
488 4301 527 4361 ibi
539 4302 608 4361 lites
621 4307 651 4361 et
664 4318 741 4377 prte-

803 1589 832 1644 in
855 1603 938 1644 cruce
966 1587 1154 1660 poenitentia,
1174 1597 1243 1648 tune
1261 1591 1397 1650 animam

802 1658 936 1716 liberabit
955 1675 972 1716 a
991 1667 1093 1717 morte.
1115 1663 1197 1720 Unde
1218 1664 1396 1730 Greuoriiu:

804 1751 819 1782 u
840 1733 868 1786 Si
890 1745 1002 1802 magnae
1025 1733 1165 1791 mercedis
1182 1740 1226 1791 est
1242 1735 1399 1808 eriperee

804 1805 895 1860 morte
910 1817 1025 1858 carnem
1038 1803 1216 1870 morituram,
1226 1806 1327 1877 quanti
1337 1823 1398 1865 rue

802 1873 851 1928 riti
866 1879 908 1930 est
923 1873 1046 1931 liberare
1061 1875 1189 1933 animum
1203 1877 1233 1933 in
1247 1879 1397 1937 coelosine

804 1944 1027 2002 llnevictummi
1037 1965 1050 2000 u
1061 1947 1396 2008 -Adconlurmundum

803 2031 835 2098 se
852 2015 919 2072 buic
935 2017 1068 2086 articulo,
1089 2019 1229 2091 recogitet
1247 2021 1349 2089 homo,
1368 2021 1394 2078 si

804 2102 864 2158 ipse
878 2103 1012 2160 umquam
1026 2091 1182 2148 Barrabam
1192 2091 1305 2149 Christo
1316 2107 1396 2164 pree·

804 2158 900 2230 elegit,
914 2166 942 2215 et
956 2160 1052 2216 doleat
1067 2167 1186 2232 acoret,
1201 2163 1302 2220 dicens
1319 2182 1326 2221 :
1343 2168 1392 2221 Je-

803 2247 846 2293 su,
863 2233 913 2301 qui
936 2247 991 2287 uon
1010 2233 1179 2301 dedicantur
1204 2250 1233 2290 er
1251 2237 1393 2294 crudete

802 2303 948 2373 reprobari
975 2306 1132 2373 petentibus
1155 2305 1212 2360 albi
1234 2309 1395 2364 barrabam

804 2375 938 2430 latronem
952 2374 1070 2440 dimitti,
1084 2383 1184 2433 teucro
1199 2383 1338 2435 auctorem
1353 2384 1395 2436 ui·

804 2450 838 2501 ta
850 2446 912 2501 tolli
925 2451 951 2500 et
962 2449 1097 2517 eurippi,
1110 2448 1148 2504 du
1160 2451 1231 2504 mibi
1243 2455 1269 2505 te
1283 2451 1396 2509 Greuto

803 2533 860 2572 rem
876 2532 965 2572 meum
980 2532 1087 2590 semper
1105 2522 1205 2589 elipere
1222 2537 1280 2592 pra
1297 2527 1396 2579 omat-

805 2589 864 2655 bus,
878 2592 904 2643 et
915 2604 967 2660 pro
981 2591 1061 2646 nulla
1073 2605 1103 2646 re
1116 2595 1209 2648 creatu
1221 2599 1247 2648 te
1260 2610 1395 2666 umquem

803 2660 986 2790 remmus
1003 2749 1125 2791 rnusruu
1138 2751 1228 2818 nuans
1243 2753 1344 2794 naver.
1359 2767 1394 2779 —

804 2802 913 2860 Pilatus
934 2810 1031 2862 autem
1056 2805 1153 2862 volens
1177 2806 1324 2865 dimittere
1342 2811 1394 2866 Je-

802 2889 875 2944 sum,
890 2874 994 2932 iterum
1009 2877 1216 2934 locutuceatad
1230 2879 1306 2950 illos,
1337 2897 1394 2937 uae-

803 2961 870 3002 rens
879 2945 949 3018 quid
957 2947 1063 3004 laceret
1072 2948 1109 3005 de
1119 2951 1190 3006 lesu
1201 2965 1268 3022 rege
1279 2895 1395 3008 ludeo

803 3033 879 3086 rum,
894 3029 922 3074 at
932 3018 1072 3090 quidmali
1082 3019 1206 3089 lecisset,
1219 3031 1248 3077 et
1257 3038 1395 3080 asserens

803 3089 999 3160 quodnullam
1007 3105 1125 3147 causam
1140 3093 1242 3149 mortis
1257 3093 1287 3150 in
1301 3110 1336 3150 ao
1346 3093 1393 3152 in-

804 3159 931 3228 venerit3
951 3162 1004 3218 sed
1031 3167 1140 3234 quanto
1166 3163 1231 3236 plus
1256 3164 1395 3222 ridebant

802 3231 879 3312 quod
894 3232 1038 3294 Christum
1057 3232 1181 3292 liberare
1197 3236 1295 3302 vellet,
1311 3241 1393 3294 tanto

803 3317 895 3374 magis
917 3303 1020 3362 iteruin
1044 3306 1196 3362 etiterum
1215 3307 1392 3366 clamabant

802 3377 841 3434 At
855 3377 901 3430 itti
915 3377 1058 3432 instabant
1078 3379 1190 3433 uocibus
1204 3383 1326 3448 mauris,
1340 3396 1394 3452 po·

801 3447 937 3503 atuluatea
951 3455 982 3504 ut
994 3451 1224 3519 crucillperetur3
1243 3459 1269 3506 et
1284 3452 1392 3507 inuale-

801 3519 912 3574 seabunt
925 3535 1002 3575 uoces
1016 3536 1119 3576 eorum.
1135 3521 1209 3577 blale
1222 3521 1277 3579 luit
1288 3525 1394 3580 Barra-

801 3589 845 3646 bu
865 3589 1039 3672 praelectio,
1062 3593 1112 3648 sed
1134 3593 1220 3664 ‘peior
1242 3595 1305 3651 bac
1329 3611 1394 3652 sen·

800 3665 942 3719 tertiatio.
968 3663 1070 3719 Videris
1089 3673 1181 3720 autem
1195 3667 1308 3721 Pilatus
1323 3669 1393 3736 palu

800 3734 875 3787 nibil
883 3737 1037 3804 proficeret,
1049 3733 1297 3810 adliberutionem
1313 3735 1395 3794 cbri-

800 3801 847 3870 sti,
868 3805 947 3862 salvo
973 3805 1070 3862 lavore
1099 3806 1208 3888 populi,
1223 3809 1272 3864 sed
1299 3811 1393 3877 mepte

801 3878 946 3943 tumultus,
967 3883 996 3933 et
1021 3885 1154 3946 strepitus
1182 3881 1259 3948 fleret
1310 3877 1392 3952 apuli

800 3946 1234 4020 clamantisadcunlrariumper
1246 3966 1276 4007 se
1301 3953 1393 4007 nctio-

800 4033 864 4073 nem
880 4019 1071 4082 sacerdotum,
1089 4020 1247 4077 volentium
1263 4037 1316 4094 per
1330 4023 1392 4078 cla·

801 4103 911 4146 morem
925 4095 954 4147 et
968 4091 1120 4148 tumultum
1135 4093 1232 4165 populi
1253 4094 1391 4150 obtinere

800 4162 876 4233 quod
892 4176 949 4218 nou
963 4167 1095 4235 poterant
1110 4177 1160 4236 per
1174 4164 1316 4222 rationem
1332 4166 1391 4223 ha·
1471 4203 1472 4216 ,

799 4232 888 4302 bere;
903 4238 933 4292 et
945 4235 1036 4292 cobus
1049 4237 1150 4306 populu
1164 4235 1275 4307 plaeere
1290 4242 1320 4294 et
1333 4252 1391 4294 ro-

800 4305 1390 4383 ttsfaoere,dtmbittlttrlturrubom.quam
1471 4357 1472 4406 l
