3124 5038
457 399 497 452 ΗΕ
527 399 803 454 RESURRECTIONE
833 401 952 454 DOMINI
979 399 1109 455 ROSTRL
1358 405 1399 456 itt

172 503 296 562 cundum
311 503 515 573 Amunclanum,
531 501 595 559 ideo
616 507 679 574 post
698 508 756 560 tres

173 575 236 632 dies
251 573 416 640 resurrexit,
432 579 463 630 ut
477 574 505 629 iii
527 575 663 630 Passione
681 574 754 645 Filii,

172 647 261 703 totius
274 646 421 702 trinitatis
439 651 647 703 monstraretur
657 663 755 704 assen-

173 735 234 788 sus,
250 717 376 775 triduum
396 717 471 773 enim
486 717 589 789 legitur
606 718 754 782 infigura:

174 789 242 864 quia
263 789 386 846 Trinitas
402 805 465 862 quae
484 789 513 845 in
528 788 667 872 principio
690 789 756 847 fecit

174 860 332 930 hominem,
349 860 410 933 ipsa
430 861 459 918 in
476 861 532 918 fine
548 862 693 918 hominem
708 879 757 928 per

176 933 281 991 Christi
292 931 577 1004 reparatPassionem
598 932 757 991 ldeoetiam

174 1004 424 1064 Resurrectionem
447 1020 528 1062 suam
553 1004 690 1062 Dominus
715 1005 756 1062 sic

175 1077 337 1135 accelerare
347 1075 445 1146 voluit,
455 1093 491 1134 ne
502 1076 657 1149 discipulos
667 1077 715 1134 diii
727 1076 756 1134 iii

176 1148 314 1206 moestitia
332 1148 452 1206 cruciari
468 1150 654 1233 permitteret.
676 1149 757 1206 Unde

176 1225 227 1278 Leo
247 1222 348 1293 Papa:
369 1223 533 1278 «Dominus
553 1237 654 1292 nempe
674 1219 755 1278 Chri·

174 1298 247 1362 stus,
266 1309 303 1348 ne
319 1293 449 1350 turbatos
463 1290 667 1364 discipulorum
689 1292 757 1350 ani-

173 1379 240 1421 mos
255 1363 340 1436 longa
361 1364 523 1422 moestitudo
541 1364 690 1433 cruciaret,
705 1365 757 1422 de·

173 1435 337 1493 nuntiatam
359 1437 445 1494 tridui
466 1451 585 1500 moram.
608 1441 665 1493 tam
684 1436 757 1494 mira

174 1509 324 1566 celeritate
338 1507 488 1579 breviavit,
503 1514 535 1565 nt
548 1509 614 1565 dnm
629 1509 664 1565 ad
679 1507 757 1564 intc-

173 1596 259 1652 grnm
275 1581 430 1638 secundnm
443 1581 519 1638 diem
533 1597 599 1654 pars
613 1580 696 1653 primi
709 1597 757 1638 iio·

174 1651 303 1720 sissima,
321 1661 350 1709 et
364 1668 431 1725 pars
444 1652 520 1710 tertii
535 1652 622 1722 prima
632 1667 758 1708 coneur-

174 1723 226 1793 rit,
242 1729 271 1780 et
291 1723 498 1794 aliquantulum
520 1725 555 1780 de
574 1723 665 1851 spatio
681 1735 758 1780 tem-

174 1801 255 1867 poris
278 1795 432 1866 decideret,
450 1805 479 1852 et
493 1795 563 1852 nihil
600 1797 689 1852 inrum
707 1813 757 1852 nu·

173 1883 257 1924 mero
283 1867 440 1940 deperiret
463 1867 643 1925 Resurrectio
670 1867 759 1940 igitur

175 1939 333 1997 Salvatoris
356 1955 407 1997 nec
430 1945 555 1997 animam
582 1941 609 1996 in
634 1939 758 2008 inferno,

173 2027 231 2069 nec
257 2027 372 2068 carnem
397 2011 446 2068 diu
470 2017 580 2070 morata
603 2016 646 2068 est
665 2011 693 2067 in
709 2027 760 2068 se-

172 2083 311 2166 pulchro;
329 2091 358 2142 et
371 2089 430 2140 tam
445 2083 526 2140 velox
540 2082 691 2139 vivificatio
708 2082 761 2139 fnit

171 2161 351 2228 incorruptae
371 2155 476 2218 carnis.
493 2163 524 2212 ut
545 2153 635 2227 magis
651 2153 690 2212 ibi
713 2171 758 2212 es·

172 2234 220 2282 set
233 2227 346 2298 soporis
365 2225 533 2297 similitudo,
552 2241 637 2299 quain
649 2225 758 2283 mortis.

172 2299 315 2366 Quoniam
329 2297 430 2362 deitas.
446 2315 509 2372 quae
524 2300 560 2356 ab
579 2308 700 2370 utraque
713 2299 761 2354 lio·

172 2369 263 2427 minis
289 2371 448 2428 substantia
468 2388 525 2428 iiou
539 2370 667 2440 recessit,
684 2369 760 2443 quod

171 2446 316 2526 potestate
345 2441 450 2512 divisit,
474 2448 502 2500 et
526 2449 665 2515 potestate
686 2458 760 2498 con-

169 2513 291 2597 iunxit:
315 2535 328 2566 i
354 2516 415 2572 liaec
435 2517 486 2572 Leo
508 2517 594 2597 Papa.
617 2512 760 2571 Passionis

172 2585 263 2658 igitur
290 2590 319 2642 et
345 2585 572 2644 Resurrectionis
599 2585 759 2658 exemplum

173 2659 304 2716 Christus
319 2658 403 2716 nobis
415 2657 555 2741 prebuit:
569 2656 712 2714 Passionis
722 2657 758 2714 ad

172 2729 345 2786 firmandam
365 2729 548 2803 patientiam;
568 2735 597 2786 et
616 2731 759 2786 Resurre-

173 2800 295 2871 ctiouis,
323 2802 360 2858 ad
393 2801 570 2859 excitandam
598 2817 696 2874 spem3
729 2805 758 2857 ut

174 2872 247 2930 duas
271 2877 343 2930 vitas
365 2872 447 2932 nobis
466 2873 631 2930 ostenderet
655 2872 684 2929 iii
699 2889 759 2930 car-

174 2961 221 3013 ne,
239 2961 325 3002 unam
340 2945 524 3006 laboriosam.
536 2961 623 3017 quam
634 2944 758 3001 tolerare

173 3016 322 3086 debemus,
331 3017 451 3075 alteram
465 3019 684 3089 beatam,quam
698 3032 760 3089 spe-

175 3103 244 3146 rare
260 3089 407 3147 debemus.

209 3165 226 3229 fi
241 3161 377 3219 Censoris
393 3162 695 3218 Cunisriiinsnnnauris
709 3176 758 3215 no·

174 3249 233 3289 ras.
261 3264 297 3274 -
315 3233 481 3291 Resurreiiit
506 3239 601 3290 autem
630 3231 759 3290 Christus

175 3320 242 3361 cuin
261 3321 379 3379 corpore
397 3305 539 3380 glorioso;
566 3305 648 3362 cu'us
677 3303 759 3360 dotes

178 3381 244 3433 suut
259 3398 266 3434 :
282 3377 408 3446 claritas,
424 3376 548 3450 agilitas,
564 3322 717 3444 suitilitas,
732 3379 760 3431 et

177 3445 400 3518 impassibilitas.
419 3448 552 3517 Quamvis
570 3448 646 3505 euim
658 3446 759 3503 anima

178 3519 282 3576 Christi
299 3536 317 3577 a
338 3519 477 3594 principio
492 3537 551 3578 snae
567 3517 759 3602 conceptionis

177 3592 403 3664 fueritgloriosa,
412 3609 461 3664 per
474 3591 757 3666 apertamvisionem‚

176 3667 205 3719 et
218 3667 374 3736 perlectam
398 3663 563 3721 fruitionem
577 3663 735 3720 divinitatis
749 3678 756 3730 ;

176 3733 390 3817 dispensatione
407 3739 503 3793 iamim
518 3742 545 3792 et
572 3735 758 3806 dispositione

175 3805 272 3864 divina
297 3809 402 3864 factum
427 3813 481 3877 est,
501 3812 531 3864 ut
548 3806 639 3879 gloria
655 3805 759 3863 anima

177 3878 237 3950 ejus
250 3895 307 3936 non
322 3879 495 3936 redundaret
508 3883 536 3935 iii
546 3895 659 3949 corpus,
671 3885 702 3934 ut
719 3879 759 3934 sic

177 3966 278 4021 corpus
296 3956 372 4008 esset
387 3949 520 4024 passibile
536 3957 564 4007 et
578 3949 709 4018 mortale,
722 3948 758 4005 nd

176 4020 389 4094 adimplendum
410 4022 533 4096 pretinm
551 4027 578 4080 et
593 4026 758 4094 mysterium

177 4093 381 4166 redemptionis
396 4097 529 4152 humanae
546 4094 575 4151 iii
592 4109 645 4150 sua
661 4091 758 4149 l’assi-

176 4180 240 4223 one.
257 4168 291 4222 Et
304 4167 377 4237 ideo,
399 4172 518 4250 peracto
536 4164 671 4248 mysterio
690 4165 758 4221 Pas-

176 4235 264 4296 sionis
278 4244 306 4296 et
322 4244 432 4310 mortis,
453 4238 548 4297 anima
566 4237 670 4298 Christi
694 4241 758 4294 sta-

176 4307 238 4378 tim,
256 4316 404 4383 resnmpto
423 4328 542 4384 corpore
564 4313 593 4368 in
619 4311 757 4367 Resurre-

176 4381 278 4452 ctione,
294 4381 423 4456 inipsnm
434 4399 536 4457 corpus
548 4397 628 4441 suam
637 4379 758 4454 gloriam

811 502 960 572 derivavit,
988 509 1016 559 et
1042 501 1083 560 ita
1101 504 1206 564 facturn
1226 511 1268 562 ast
1289 522 1395 578 corpus

811 573 912 633 Christi
932 574 1097 646 gloriosum.
1125 578 1159 632 Ut
1178 576 1311 634 enimait
1330 579 1391 634 Aa·

811 650 939 716 quatinus
955 666 964 702 ε
983 667 997 699 n
1010 647 1110 704 Carnis
1124 651 1228 720 quippe
1244 647 1291 706 ille
1310 666 1393 722 gere-

814 721 859 774 tiat
874 717 1081 789 infirmitatem,
1097 735 1160 790 qnae
1178 720 1330 778 infirmitas
1343 725 1392 779 Re·

811 790 986 848 surrectione
1001 797 1168 864 consumpta
1178 801 1230 850 est.
1249 812 1262 844 i
1277 793 1353 852 Unde
1365 798 1393 851 et

811 865 863 919 Leo
881 863 956 934 Papa
967 880 974 918 ι
985 885 999 916 n
1011 863 1088 921 Sicut
1102 879 1169 935 ergo
1186 863 1252 920 dicit
1266 867 1392 937 Aposto-

812 933 856 990 lus
871 950 878 990 :
890 937 957 990 litei
968 938 1142 1004 eognovimus
1154 937 1291 994 Christum
1300 953 1407 1002 cecita-¹

811 1006 877 1062 dum
894 1023 1012 1076 caraem,
1023 1008 1071 1064 sed
1085 1023 1156 1064 nanc
1170 1008 1231 1078 inni
1247 1025 1301 1064 non
1315 1010 1393 1065 noui-

811 1093 881 1144 mus,
897 1093 958 1148 eius
986 1095 1108 1152 namque
1128 1077 1308 1138 Resurrectio
1335 1096 1392 1136 nou

811 1149 878 1207 finis
893 1150 1058 1222 earnisluit,
1073 1151 1327 1221 sedcommutatio‚
1341 1167 1394 1208 nec

811 1228 980 1292 consumpta
1007 1229 1051 1280 est
1080 1223 1251 1294 substantia,
1280 1223 1394 1280 virtutis

811 1302 974 1365 augmento.
986 1293 1112 1363 Qualitas
1131 1295 1254 1364 transiit,
1269 1312 1326 1352 non
1343 1311 1392 1352 na·

811 1371 876 1422 tura
899 1365 1011 1423 defecit.
1034 1369 1067 1423 Et
1087 1367 1187 1424 merito
1211 1366 1315 1425 dicitur
1333 1367 1396 1439 ejus

811 1452 878 1494 caro
894 1437 996 1510 nesciri
1011 1437 1089 1495 ineo
1104 1444 1251 1512 statuque
1269 1444 1336 1496 nota
1356 1439 1397 1496 fu·

812 1517 884 1578 erat,
901 1511 968 1581 quia
982 1509 1051 1566 nihil
1066 1509 1095 1566 in
1111 1527 1145 1568 ua
1159 1510 1303 1584 passibile,
1322 1509 1393 1566 niliil

813 1581 958 1638 infirmnm
973 1581 1120 1652 remansit,
1137 1587 1165 1640 et
1184 1580 1330 1654 utipsasit
1346 1597 1396 1652 per

813 1653 976 1718 essentiam,
993 1659 1021 1710 et
1038 1671 1093 1711 nou
1109 1651 1145 1710 sit
1161 1653 1222 1726 ipsa
1237 1670 1287 1726 per
1301 1652 1395 1736 glori-

813 1740 859 1780 am
870 1741 877 1780 :
889 1745 902 1774 n
915 1728 975 1782 liaec
986 1727 1036 1782 Leo
1047 1727 1132 1798 Papa.
1146 1724 1259 1782 interim
1270 1725 1395 1803 igitur,o

813 1795 908 1854 anima
918 1813 991 1866 mea,
1003 1797 1181 1870 deponamus
1194 1796 1336 1871 piissimas
1349 1795 1397 1852 tri·

814 1866 876 1924 stiae
893 1872 1032 1940 quereias,
1043 1886 1076 1927 ac
1098 1871 1193 1928 nubila
1210 1870 1352 1939 maeroris,
1368 1872 1397 1926 et

814 1937 960 1998 inlaetniae
970 1941 1142 2014 respiremus
1152 1938 1397 2012 serenum3etqui

814 2011 916 2068 funera
929 2013 1127 2085 Redemptoris
1145 2013 1234 2070 nostri
1255 2011 1397 2085 prosecuti

814 2098 913 2140 sumus
924 2101 988 2142 enm
999 2084 1141 2158 lacrymis,
1154 2084 1200 2156 qui
1213 2093 1334 2141 mortem
1349 2099 1398 2141 no-

815 2160 903 2211 stram
919 2156 1064 2214 moriendo
1087 2154 1233 2216 destruxit.
1260 2156 1296 2212 de
1310 2154 1399 2224 ipsius

814 2227 1032 2285 Resurrectione
1046 2233 1074 2284 et
1093 2228 1184 2300 gloria
1196 2226 1397 2300 jucundemur,

814 2297 861 2370 qui
871 2297 957 2382 vitam
970 2301 1142 2372 resurgendo
1154 2299 1306 2372 reparavit.
1318 2300 1398 2357 cirt-

814 2377 873 2426 stus
888 2387 964 2429 enim
978 2389 1122 2443 resurgens
1146 2389 1164 2428 ii
1184 2374 1312 2440 mortuis,
1336 2370 1398 2440 jam

814 2459 868 2498 aon
881 2447 1008 2508 moritur.
1018 2461 1091 2501 mors
1105 2446 1152 2500 itti
1163 2445 1301 2501 ettennon
1312 2443 1399 2498 domi·

814 2515 937 2572 nubitur.
956 2516 1051 2573 induit
1066 2519 1142 2574 enim
1171 2531 1237 2574 enm
1261 2513 1398 2572 llominns
1444 2515 1448 2522 '

816 2587 902 2644 Pater
915 2587 988 2644 stola
1006 2587 1229 2646 immortalitatis
1245 2594 1274 2644 et
1287 2585 1399 2656 gioria,

815 2665 843 2714 et
857 2674 993 2717 coronam
1006 2659 1230 2744 pulchritudinis
1244 2657 1340 2732 posuit
1355 2675 1400 2714 su·

814 2745 866 2802 per
883 2737 968 2803 caput
987 2749 1059 2803 eius,
1073 2733 1284 2804 jucunditatem
1303 2736 1332 2788 et
1346 2745 1399 2786 eii-

814 2801 997 2860 snltationem
1009 2803 1209 2860 thesaurizavit
1221 2819 1307 2875 super
1321 2817 1396 2858 enm.

814 2874 915 2930 Totum
930 2873 1016 2946 igitur
1032 2878 1058 2931 in
1077 2891 1110 2932 eo
1126 2875 1239 2946 plenum
1254 2882 1298 2930 est
1326 2889 1396 2944 gnu-

815 2943 873 3012 dio,
886 2949 976 3002 totum
995 2945 1093 3002 letitia
1107 2945 1291 3006 cumulatum,
1306 2950 1397 3002 totum

814 3015 1399 3075 exsultationerefertum.CaroeniniCiiri-

814 3089 861 3156 sti,
882 3089 936 3145 Ros
959 3087 1007 3146 ille
1022 3087 1231 3162 pulcherrimus
1245 3089 1281 3146 de
1300 3087 1397 3145 radice

813 3161 904 3241 lesse,
920 3159 968 3243 qui
989 3159 1019 3218 in
1040 3160 1186 3220 nativitate
1203 3160 1308 3230 floruit,
1331 3161 1397 3232 quia

814 3246 847 3286 ei
857 3231 1039 3303 Virginesine
1049 3238 1164 3306 peccato
1173 3239 1320 3306 tamqnam
1334 3231 1396 3304 pnl-

813 3302 947 3360 clierrimi
963 3305 1043 3361 floris
1060 3304 1205 3376 singulare
1219 3305 1304 3362 decus
1322 3301 1396 3360 emi-

814 3373 881 3443 cuit,
895 3377 942 3450 qui
957 3375 985 3432 iu
1001 3375 1136 3434 Passione
1149 3376 1294 3444 delloruit,
1307 3390 1395 3447 quau·

813 3445 849 3528 do
860 3463 949 3518 neque
960 3447 1079 3521 species,
1087 3464 1181 3521 neque
1188 3448 1274 3506 decor
1284 3446 1309 3504 ei
1322 3447 1392 3514 fuit;

813 3533 853 3574 sic
864 3517 891 3574 in
908 3519 1137 3590 Resurrectione,
1151 3527 1297 3593 resumpto
1309 3517 1395 3576 etiam

814 3589 953 3664 sanguine
966 3593 1027 3650 fuso
1040 3592 1069 3649 iii
1078 3609 1171 3662 cruce,
1185 3607 1250 3649 cum
1263 3588 1396 3648 omnibus

813 3664 990 3733 quaesnntde
1000 3663 1116 3721 veritate
1126 3665 1257 3720 humanae
1272 3668 1394 3730 naturae,

813 3749 863 3806 per
880 3734 1001 3806 gloriam
1015 3735 1154 3804 refloruit,
1170 3741 1199 3791 nt
1213 3732 1342 3791 omniurn
1355 3749 1398 3789 es·

813 3811 857 3862 set
871 3807 965 3862 decor.
990 3809 1060 3864 Nam
1076 3823 1178 3871 cornus
1195 3807 1263 3863 illud
1283 3804 1396 3878 glorio-

813 3876 957 3934 sissimum
975 3877 1208 3952 subtile,agileet
1221 3877 1396 3945 immortale,

813 3953 901 4006 tantae
911 3949 1325 4024 claritatissupervestitumest
1338 3948 1396 4020 glo·

812 4021 865 4090 ria,
884 4027 914 4077 ut
925 4037 990 4080 vere
1003 4023 1062 4080 sole
1073 4023 1239 4096 fulgentius,
1255 4019 1396 4101 exempla-

813 4107 874 4150 rem
896 4095 1051 4163 preferens
1060 4094 1298 4168 pulchritudinem
1310 4107 1397 4149 susci-

813 4165 966 4224 tandorum
977 4183 1129 4240 corporum
1143 4169 1346 4230 humanorum,
1359 4161 1395 4218 de

814 4235 987 4322 quibiisipse
1015 4239 1145 4298 Salvator
1168 4239 1228 4298 ait:
1248 4239 1323 4293 Trina
1339 4234 1397 4318 sat·

814 4309 916 4378 petunt
926 4313 1079 4382 justiniani
1092 4313 1134 4368 eol
1147 4315 1178 4368 iii
1191 4325 1275 4380 regno
1289 4309 1395 4390 patris,

815 4380 932 4452 scilicet,
959 4381 989 4440 iu
1014 4381 1189 4441 beatitudine
1211 4383 1397 4450 sempiterna.
