2974 5040
198 381 241 434 158
523 375 681 429 secutos
710 373 832 428 tuum
858 375 962 430 citur
991 377 1093 430 tavit

196 487 256 540 tum
269 499 371 552 corpus
383 485 411 538 et
426 477 522 539 omnis
537 480 664 537 membra
679 497 780 552 eorpo-

196 555 247 614 ris.
262 561 291 612 et
303 569 462 624 peromnes
476 552 547 608 vires
560 551 707 608 interiores
722 553 781 608 ani·

198 643 252 684 mae
268 625 388 682 dillnndi
410 625 541 681 debebat.
558 625 645 680 lllnlta
659 641 725 681 vero
745 624 780 680 de

195 697 241 756 his
252 697 389 756 Dominus
401 712 501 768 passus
513 704 612 766 estpro
620 694 780 767 nobisque

195 769 289 844 colligi
300 775 417 838 possunt
425 785 458 824 cx
466 765 559 824 verbis
572 767 733 836 Aripustint.
741 767 781 824 di·

197 845 286 899 centis
300 858 307 897 :
323 861 337 892 c
352 841 473 898 attenua
488 845 516 896 et
530 837 618 896 intelli
642 857 666 908 e,
683 839 781 898 anima

196 928 271 980 mes,
290 916 402 984 tempus
425 908 597 968 beatissimae
622 855 778 968 lassionis.

197 985 301 1041 Passus
321 994 365 1040 est
383 983 464 1040 lesus
479 999 569 1052 mnus,
589 997 670 1040 amor
689 999 777 1052 meus,

194 1055 314 1112 dulcedo
334 1069 408 1124 mea,
436 1071 500 1128 spes
528 1069 602 1137 mea,
632 1053 777 1136 beatitudo

193 1142 267 1196 mea,
282 1125 439 1184 consolatio
450 1142 523 1194 mea,
531 1130 559 1183 et
573 1141 601 1180 rn
614 1142 692 1184 omm
709 1131 777 1183 tem-

193 1213 273 1270 pore,
287 1197 316 1256 in
330 1203 390 1256 toto
407 1213 534 1270 corpora.
551 1201 580 1252 et
592 1197 622 1254 in
637 1197 714 1255 omni
725 1214 775 1256 suo

192 1285 288 1341 opere.
308 1271 338 1326 ln
365 1273 493 1338 tempore
512 1268 663 1328 inlantiae:
687 1285 776 1334 aonu-

192 1340 354 1410 stimulari,
366 1344 773 1414 paupertatemasperitatem,

192 1418 220 1470 et
235 1413 424 1470 humilitatem
442 1411 584 1486 praesepii,
604 1413 775 1470 consecutio-

191 1501 255 1542 nem
281 1484 448 1546 adversarii.
473 1485 569 1550 lugam
591 1483 620 1541 in
644 1487 772 1556 AEgypto.

191 1559 222 1614 ln
236 1563 364 1627 tempore
376 1556 575 1614 adolescentiae
590 1573 596 1612 :
610 1555 775 1628 disputatio-

190 1645 268 1696 nem,
283 1636 312 1686 et
324 1627 587 1700 praecipitationem.
601 1630 631 1684 ln
648 1635 774 1710 tompore

186 1700 363 1773 juventutis:
379 1698 585 1756 amaris-imam
600 1703 629 1754 et
641 1698 773 1770 turpissi-

188 1787 265 1828 mam
284 1770 455 1826 Passionem.
473 1772 574 1826 Passus
588 1772 728 1826 astatium
743 1769 772 1828 in

188 1847 248 1899 toto
260 1857 378 1913 corpore
391 1857 397 1896 :
410 1839 437 1896 in
448 1841 546 1908 oeulis,
557 1840 726 1898 allusionem
736 1843 773 1900 la-

187 1929 265 1988 crym
275 1929 367 1981 rrum;
383 1911 412 1969 in
424 1914 552 1979 auribus,
565 1913 693 1970 auditum
707 1931 774 1972 con·

188 1985 370 2046 turricli-arum
401 1993 430 2042 et
458 1984 712 2056 blasphemiarum
741 1987 772 2043 in

188 2059 279 2130 genis.
296 2056 454 2116 molestiam
470 2059 631 2128 alaparum
647 2057 677 2113 in
694 2058 771 2114 nari·

188 2133 252 2202 bus,
265 2133 396 2191 ter-ron
411 2129 505 2203 sputi;
522 2129 552 2187 in
567 2145 625 2190 ore.
638 2129 772 2187 amaritu-

188 2205 282 2264 dinem
305 2205 378 2261 aceti
403 2211 432 2259 et
455 2202 547 2272 tellis3
575 2204 605 2259 in
630 2202 771 2271 manibus,

186 2278 301 2334 vincula
311 2281 339 2332 et
353 2274 536 2333 afflictionem
546 2277 704 2347 plagarum,
721 2276 773 2332 sic-

185 2353 217 2407 ut
232 2351 259 2406 in
275 2347 411 2421 pedibus;
422 2345 452 2402 in
465 2353 524 2403 toto
539 2348 773 2418 corpore,ttaget·

186 2419 331 2476 lationem.
347 2419 478 2488 inopere
503 2433 569 2473 vero
586 2418 773 2476 detraxerunt

184 2486 395 2616 praedicationi,
412 2487 630 2556 conversationi,
647 2487 770 2547 miracu·

196 2575 277 2616 orum
293 2556 462 2631 operationi.
473 2557 606 2614 Traditur
620 2566 650 2616 et
665 2559 771 2630 ligator

181 2631 274 2704 justus
303 2635 333 2686 et
351 2627 498 2692 innocens,
522 2627 596 2685 sieut
622 2645 715 2701 agnus
733 2632 770 2689 ad

184 2700 366 2768 sacrificium,
386 2705 416 2756 et
427 2697 500 2757 sicut
515 2700 588 2758 latro
603 2701 640 2758 ad
654 2717 772 2774 suspen·

184 2773 280 2843 dium;
302 2777 331 2830 et
348 2777 444 2829 tamen
474 2788 532 2829 non
556 2775 659 2846 querit
677 2773 769 2831 viudi-

184 2849 284 2917 ctam,
310 2861 368 2902 non
397 2843 523 2902 ostendit
549 2844 768 2918 impatientiam,

183 2917 241 2976 imo
260 2920 354 2992 arguit
375 2917 491 2975 Petrum
506 2927 701 2990 amputantem
716 2935 768 2976 au·

154 3031 157 3038 .
185 2989 316 3060 riculam,
327 3005 391 3048 cum
404 2994 499 3060 posset
510 2990 639 3048 obtinere
651 3007 670 3049 a
684 2992 768 3048 Patre

183 3063 325 3134 legionem
348 3061 504 3144 angelicam
524 3062 694 3120 duodenam.
723 3061 767 3119 Li·

202 3141 267 3192 atur
283 3150 351 3207 ergo
375 3139 447 3190 sicut
465 3133 548 3204 latro,
564 3139 714 3192 accusatur
739 3137 769 3192 ut

182 3150 269 3277 latro,
286 3207 493 3264 condemnatur
508 3211 539 3263 nt
554 3208 637 3273 latro,
652 3204 767 3277 expelli·

183 3283 231 3337 tur
244 3289 275 3338 ut
296 3277 380 3342 latro,
398 3276 529 3348 plectitur
544 3279 618 3334 inter
632 3277 768 3346 lstmnes,

184 3355 215 3410 ut
240 3350 372 3425 princeps
390 3349 544 3406 latronum.
566 3348 684 3422 Ligario,
712 3351 768 3405 llo·

182 3421 268 3482 mine,
287 3425 317 3478 ut
331 3420 424 3476 solvas
438 3418 551 3476 vincula
568 3428 767 3492 pcccatorum

182 3499 215 3551 ut
232 3491 369 3549 dissolvas
388 3489 598 3560 colligationem
614 3491 768 3563 impietatis

183 3571 212 3621 st
225 3561 375 3620 fesciculos
398 3560 600 3632 deprimentes.
620 3563 767 3634 Pungcris,

182 3635 258 3692 bone
275 3635 353 3702 iesu,
378 3631 478 3705 spinis,
493 3631 581 3690 claris
605 3639 635 3691 et
658 3635 767 3704 lancea,

183 3711 214 3762 ut
227 3708 263 3762 sit
282 3705 311 3762 in
326 3705 408 3762 nobis
423 3710 501 3762 recta
514 3703 645 3767 intentio.
658 3704 767 3762 discre-

182 3784 211 3834 ta
225 3775 364 3849 operatio,
382 3777 530 3835 manifesta
554 3777 677 3834 dilectio.
703 3778 767 3834 Pla·

177 3849 308 3976 {ellaria
328 3854 358 3904 nt
373 3867 389 3904 a
402 3866 447 3907 me
459 3850 571 3922 flagella
586 3859 642 3908 tuae
658 3847 768 3905 iracun-

203 3919 238 3977 iae
251 3921 444 3994 propulsares.
464 3926 633 3978 vulneratus
651 3937 692 3990 es,
717 3923 768 3977 llo-

183 3991 260 4049 mine
283 3993 360 4058 lesu,
380 3999 497 4064 propter
516 4003 633 4064 peccata
659 4001 765 4062 nostra,

182 4064 296 4122 attritos
319 4070 436 4133 propter
462 4066 572 4121 scelera
600 4071 716 4132 nostra;
736 4072 768 4120 ut

182 4137 241 4196 sint
261 4135 350 4208 plagae
368 4139 425 4190 tuae
445 4139 605 4192 nostrorum
619 4137 766 4191 vulnerum

181 4209 280 4268 cilicas
295 4205 445 4266 medicina.
461 4208 580 4278 Tempus
594 4209 692 4274 etiam,
703 4206 765 4263 dul-

180 4281 221 4342 cis
235 4283 315 4352 lesu,
341 4284 421 4337 tuam
437 4282 575 4350 aggravat
590 4277 765 4336 Passionem.

179 4355 286 4414 Passus
309 4351 388 4412 cuins
412 4366 444 4410 es
470 4355 598 4424 tempore
614 4352 764 4419 nocturno,

835 477 946 536 diurno.
962 479 1078 562 frigido,
1096 480 1207 538 aestivo.
1231 483 1265 538 ln
1280 485 1416 542 ltatutinis

835 556 1034 618 castigatuspn
1050 567 1132 608 ruane
1145 561 1311 622 accusatus,
1324 556 1353 612 io
1364 561 1419 614 Ter·

835 621 875 679 tia
888 622 1071 691 acclamatus,
1093 623 1124 680 in
1141 625 1227 681 Sexta
1251 628 1418 686 condemna·

835 699 891 764 tos,
911 693 940 752 in
958 697 1036 751 Nina
1050 711 1115 751 cum
1140 695 1269 754 clamore
1293 707 1321 755 et
1338 700 1419 759 laen-

836 765 888 822 mis
903 765 1043 837 expirasti.
1067 767 1173 838 Ptange
1189 767 1281 841 igitur
1302 779 1335 827 et
1353 761 1419 840 dole,

835 847 864 894 et
885 843 990 920 satage,
1006 837 1104 894 anima
1129 855 1204 908 mea,
1232 847 1264 898 et
1283 841 1419 902 deducant

834 908 908 966 ornli
925 917 964 965 tur
980 909 1130 982 lacrymas,
1147 917 1177 968 et
1193 927 1253 968 uon
1271 917 1371 971 taceat
1383 933 1420 989 pc—

835 980 902 1052 pilla
922 979 996 1038 oculi
1024 981 1064 1038 tui
1082 997 1169 1054 super
1196 983 1324 1043 tratrem
1352 993 1419 1044 tunm

835 1054 969 1110 decorum
992 1051 1086 1134 nimis,
1113 1059 1141 1110 et
1163 1048 1329 1114 amabilem
1344 1075 1422 1132 super

833 1139 961 1182 amorem
984 1125 1145 1194 mulierum,
1173 1125 1224 1198 qui
1255 1129 1421 1190 vestivitte

833 1195 1004 1264 conclamet
1030 1196 1149 1265 praebuit
1167 1201 1215 1255 tuo
1237 1199 1333 1258 cultui
1349 1219 1420 1258 orna·

834 1273 939 1324 menta.
951 1268 1064 1326 Dolebis
1076 1268 1162 1336 eninr,
1174 1273 1197 1326 si
1209 1269 1421 1332 considerasls

832 1355 944 1412 cryptas
964 1340 1124 1410 mulierum,
1143 1343 1288 1424 lacrymas
1304 1345 1419 1425 piscato·

832 1411 882 1480 ris,
898 1411 1037 1483 lacrymas
1052 1413 1277 1482 insensibilium
1290 1433 1316 1472 ss
1330 1416 1420 1475 rideas

831 1483 1097 1540 obtenebrationem
1123 1485 1214 1548 solis.
1244 1492 1277 1542 ut
1319 1490 1420 1546 celares

832 1558 960 1612 membra
975 1555 1086 1612 Domini
1102 1555 1248 1628 patientia,
1266 1565 1357 1618 terrae
1370 1577 1419 1618 mo

831 1635 902 1692 turn,
926 1626 1140 1684 concussionem
1163 1628 1307 1702 lapidum,
1331 1649 1419 1690 susor-

830 1697 983 1756 reetionem
993 1714 1154 1772 corporum,
1165 1703 1353 1772 apertionem
1369 1721 1419 1761 mo

830 1775 1038 1832 riumentorum.
1066 1780 1094 1828 et
1114 1772 1209 1828 velum
1228 1773 1417 1844 dissolutum

828 1841 967 1914 lacrymas
982 1841 1127 1912 patientis,
1148 1850 1176 1900 et
1196 1843 1258 1900 laer
1279 1861 1346 1903 mas
1367 1848 1416 1904 Ge-

829 1913 947 1970 uitrieis.
964 1915 1041 1970 llolel
1062 1915 1138 1970 enim
1153 1917 1237 1972 beata
1252 1861 1346 1976 llirvo
1361 1921 1416 1976 lla-

828 1991 873 2042 ter
889 1985 924 2041 de
936 1984 1097 2067 proditione
1107 1991 1136 2042 et
1149 1993 1295 2056 capimus,
1304 1959 1345 2044 dc
1356 2009 1417 2047 cna

827 2057 1020 2126 damnatione,
1035 2059 1071 2114 do
1090 2057 1285 2126 crucifixione,
1300 2063 1417 2133 potissi·

828 2145 873 2186 me
887 2128 915 2186 in
929 2129 1176 2187 commendatione
1185 2135 1215 2188 et
1225 2133 1416 2202 depmiune.

863 2205 879 2258 ὅ
895 2201 982 2258 Locos
993 2218 1073 2259 nrsss
1088 2218 1120 2258 nr
1138 2218 1226 2260 onuns
1242 2221 1347 2264 uourss
1359 2224 1416 2264 sss·

828 2290 926 2329 erosas
954 2289 1040 2331 rossus
1068 2290 1221 2332 ssennvsr.
1263 2307 1299 2318 -
1331 2277 1418 2336 neu

827 2344 902 2402 eiarn
918 2351 1007 2412 tuam,
1023 2345 1097 2402 bone
1106 2347 1183 2406 lesu.
1286 2355 1336 2405 rat
1353 2351 1418 2408 Pss-

828 2417 949 2474 siousm.
965 2416 1210 2476 Passusestenim
1248 2419 1419 2480 ominusts·

827 2505 874 2546 sus
887 2505 894 2544 :
911 2489 938 2544 in
955 2487 1105 2561 praesepio,
1118 2488 1149 2546 in
1162 2489 1289 2560 deserto,
1302 2491 1335 2549 in
1352 2500 1418 2552 tem

826 2561 885 2644 plo,
900 2559 928 2616 in
944 2559 1079 2634 hospitio,
1098 2559 1127 2618 in
1142 2560 1256 2632 itinere,
1275 2561 1305 2619 in
1321 2564 1417 2634 horto,

826 2649 856 2688 sn
873 2631 958 2702 strio,
973 2631 1003 2688 in
1028 2636 1174 2704 praetorio,
1191 2633 1223 2690 in
1246 2635 1313 2692 loco
1330 2637 1418 2694 crud·

827 2702 948 2762 fixionis.
976 2705 1008 2762 ln
1031 2703 1179 2777 presi-pio,
1205 2703 1415 2778 indigentiam

825 2774 854 2832 in
869 2776 992 2844 deserto,
1007 2791 1150 2848 pugnam
1165 2775 1194 2834 in
1210 2777 1333 2848 templo.
1350 2779 1416 2838 Μ’·

825 2846 975 2914 atentiam
989 2845 1019 2904 in
1033 2847 1167 2918 hospitio,
1182 2848 1415 2908 observationem

825 2918 1032 2988 detentoriam3
1050 2918 1079 2976 in
1093 2918 1416 2992 inemendationem

825 2995 854 3048 et
867 2991 1040 3059 molestiam
1052 2989 1081 3048 in
1093 2991 1187 3058 horto,
1198 2992 1339 3050 sudorem
1356 3011 1417 3052 san

824 3061 930 3134 guinis,
951 3065 1069 3120 verbum
1095 3067 1122 3120 et
1139 3064 1267 3121 osculnm
1287 3065 1416 3136 prodito·

824 3135 874 3201 ris,
886 3133 1062 3190 vexationem
1074 3134 1211 3206 corporis,
1228 3137 1418 3209 comprehen-

824 3203 936 3264 sionem
963 3209 992 3262 et
1020 3203 1185 3277 ligationem
1213 3207 1415 3278 cohortium

825 3275 910 3345 atrio,
923 3275 1190 3348 interrogationem,
1206 3279 1361 3352 alaparum
1375 3281 1416 3338 al·

824 3347 989 3412 dictionem.
1002 3348 1108 3406 trinam
1122 3349 1316 3432 negationem.
1331 3368 1418 3410 aecu-

824 3419 988 3478 sationem:
1006 3419 1045 3478 ibi
1065 3419 1094 3476 in
1120 3421 1223 3478 sacrem
1243 3431 1416 3496 conspuunt,

824 3491 949 3563 colaphis
973 3491 1106 3560 cadunt,
1131 3491 1161 3550 in
1185 3492 1290 3552 taciem
1312 3494 1417 3566 peluso

824 3561 998 3690 gerentium,
1021 3562 1184 3621 insultando
1212 3573 1242 3621 et
1264 3565 1416 3624 illudendo

825 3705 830 3716 .
848 3635 996 3715 rophetam
1016 3651 1081 3692 cum
1104 3635 1216 3704 dicunt;
1231 3635 1261 3692 in
1276 3639 1415 3712 praetorio

823 3705 1002 3776 imquitatem
1017 3704 1143 3776 testium,
1160 3715 1188 3764 et
1199 3711 1414 3766 accusationem

823 3775 995 3846 infidelium,
1014 3777 1223 3836 anrarissimum
1252 3781 1412 3854 ttsgetlum,

822 3847 950 3920 iniquum
964 3847 1114 3921 judicium,
1134 3849 1299 3908 illusionem
1317 3867 1414 3924 perso·

822 3919 980 3991 quantiam.
997 3922 1031 3976 Et
1051 3920 1114 3978 vide
1128 3931 1346 3993 perversitatem
1366 3923 1413 3980 ni·

822 3990 918 4058 miam,
944 3990 1123 4064 iniquitatem
1140 3993 1291 4051 oraximam
1310 3994 1412 4068 :judi-

820 4069 901 4120 catur
913 4063 1013 4126 ludes.
1032 4063 1178 4122 deridetur
1192 4069 1261 4136 Res,
1275 4071 1306 4124 et
1320 4065 1412 4124 cruri-

819 4143 884 4217 atur
908 4135 1047 4193 Pontifex.
1073 4135 1142 4193 Vide
1164 4135 1315 4210 iniquuum
1332 4137 1412 4212 iudi·

819 4222 914 4264 crum:
943 4223 977 4264 ex
1000 4215 1082 4280 parte
1109 4207 1233 4278 testium,
1253 4209 1322 4282 nois
1347 4223 1410 4268 non

818 4277 1007 4349 conveniunt3
1023 4295 1057 4336 ex
1072 4285 1154 4408 ssarte
1169 4281 1224 4348 rei,
1237 4281 1304 4353 quia
1323 4297 1410 4340 ancu-

819 4357 899 4408 satur
911 4348 1059 4408 innocens.
1098 4351 1181 4410 eiecit
1193 4355 1281 4412 etiam
1296 4353 1409 4410 Pilatus
