3124 5038
473 444 513 497 DE
540 439 819 498 RESURRECTIONE
847 439 964 494 bouill
993 437 1128 492 UUETRl.

670 755 808 830 CAPUT
838 757 938 828 LXlX

508 1009 545 1053 DE
572 1005 816 1054 RESURRECTIONE
842 1004 945 1052 bolttht
969 1005 1086 1050 bostut.

636 1202 760 1260 blatthaei
778 1217 840 1275 cap.
855 1203 973 1260 llllVlll.

228 1421 238 1456 ι
262 1399 376 1455 harum
401 1414 544 1456 rmcssnrs
567 1413 602 1452 ns
625 1397 769 1454 Rususss·

187 1487 285 1527 errores
297 1472 406 1526 Domni.
419 1499 455 1512 -
469 1471 559 1538 Nunc,
572 1473 604 1526 ul
618 1468 658 1524 ait
671 1471 770 1528 Hiero·

187 1557 312 1612 numus:
329 1543 434 1598 «Nunc
449 1539 625 1598 aromatibus
640 1539 771 1608 redolen-

189 1612 276 1683 tibus,
288 1628 353 1670 cum
368 1628 473 1686 sponsa
494 1616 522 1670 et
536 1611 769 1682 adolescentulis,

190 1701 255 1758 quae
281 1689 399 1742 currunt
418 1689 484 1757 post
508 1699 582 1744 eam.
606 1684 770 1758 conspergi-

190 1771 256 1814 mus
270 1755 374 1813 librnm
390 1761 417 1812 et
430 1755 589 1812 cubiculum
603 1755 707 1812 mentis
722 1773 772 1814 no·

191 1835 269 1885 strae.
285 1829 364 1886 Nunc
379 1825 535 1886 introducit
545 1843 598 1884 nos
608 1829 665 1884 Rex
678 1828 771 1886 incel-

192 1897 266 1956 laris
285 1907 348 1968 sua,
363 1915 438 1956 nunc
449 1899 539 1970 surgit
552 1898 645 1956 amica
655 1901 745 1957 liaris
763 1917 770 1956 :

84 2041 89 2048 ι
190 1973 333 2028 Jamenim
343 1973 429 2027 hiems
437 1973 559 2036 transiit,
571 1972 658 2026 imber
666 1973 738 2027 abiit
747 1978 772 2028 et

192 2045 314 2100 recessit.
329 2044 421 2100 Flores
442 2048 633 2114 apparuerunt
649 2045 680 2098 in
699 2049 773 2100 terra

190 2119 296 2172 nostro.
328 2117 389 2174 Vos
414 2116 532 2170 turturis
554 2115 653 2170 audita
679 2120 719 2170 est
743 2118 773 2172 in

191 2191 378 2244 teranostra.
397 2189 489 2244 Vineae
502 2189 627 2257 {terentes
639 2187 773 2244 dederunt

194 2259 313 2315 edessen.
328 2256 412 2316 Redit
424 2273 546 2330 sponsus
560 2258 595 2314 de
610 2259 711 2316 umbra
721 2259 773 2316 sub

193 2345 249 2401 qua
267 2329 373 2386 dormit
386 2329 416 2385 in
430 2327 559 2386 meridie.
572 2329 662 2386 Radix
675 2345 778 2390 amara

191 2399 285 2460 crucis
297 2399 423 2470 evanuit,
438 2402 492 2458 Uos
509 2402 575 2458 ritae
596 2417 661 2458 cum
680 2401 774 2458 hueti-

193 2473 248 2532 bus
271 2472 381 2546 erupit;
398 2479 427 2529 et
444 2473 492 2544 qui
513 2473 603 2544 jacuit
624 2474 653 2528 in
671 2477 773 2544 morte,

193 2545 317 2602 surrexit
331 2544 360 2602 in
375 2543 483 2616 gloria3
500 2543 542 2600 sol
562 2549 624 2616 post
641 2560 773 2602 occasum

194 2615 304 2686 oritur;
331 2615 434 2688 aquilae
462 2615 499 2672 sd
526 2631 630 2687 corpus
652 2632 772 2688 congre·

194 2693 308 2760 gantur.
320 2689 387 2746 Post
403 2688 522 2744 sabbata
534 2685 638 2756 tristis,
654 2687 720 2744 ielis
733 2687 773 2744 ir·

194 2759 443 2832 redimitusque
459 2757 611 2829 primatum
626 2759 656 2815 in
672 2760 774 2818 diebus

194 2835 283 2899 tenet,
298 2832 360 2888 luce
380 2831 471 2902 prima
480 2829 510 2886 in
520 2845 554 2886 ea
566 2829 736 2900 lucescente,
746 2835 774 2888 et

195 2902 316 2959 Domino
329 2901 359 2958 in
379 2917 413 2959 ee
430 2917 494 2960 cum
513 2901 657 2974 triumpho
676 2919 773 2960 resur-

194 2981 291 3046 gente,
311 2979 339 3031 st
358 2973 470 3030 dicente
493 2976 581 3030 :Hac
600 2975 669 3042 dies,
690 2991 774 3045 quarn

194 3047 262 3114 tecit
280 3048 420 3110 Dominus,
436 3047 604 3101 exsultemus
618 3053 643 3101 et
653 3047 774 3102 letemur

194 3119 225 3173 in
244 3132 301 3172 en:
321 3137 335 3167 »
356 3119 418 3174 haec
437 3119 628 3186 Hieronymus.
648 3119 727 3175 Unde
746 3123 774 3174 et

195 3191 370 3258 Augustinus
383 3208 415 3244 :u
430 3191 497 3244 Post
510 3185 658 3246 illusiones
672 3193 701 3245 et
714 3205 775 3245 ver-

195 3259 275 3330 bera,
283 3259 426 3332 postaceti
438 3259 546 3318 etlellis
560 3260 664 3332 pocula
675 3259 773 3329 mixta,

196 3337 261 3404 post
281 3331 419 3404 supplicia
442 3330 535 3388 crucis
551 3335 580 3388 et
599 3333 726 3402 vulnera,
747 3338 775 3389 et

196 3407 340 3476 postremo
362 3408 427 3476 post
442 3401 451 3460 i
473 3417 534 3460 sam
549 3408 671 3460 mortem
687 3412 715 3460 et
729 3403 774 3460 in-

197 3476 283 3544 teros,
305 3473 427 3532 surrexit
451 3418 487 3532 is
515 3490 566 3532 suo
588 3475 687 3532 innare
707 3491 775 3533 caro

196 3561 280 3620 nora,
293 3545 368 3603 redit
381 3547 417 3604 ab
427 3545 544 3604 occiduo
558 3545 650 3604 latens
662 3549 719 3604 vitu
731 3565 738 3616 3
748 3551 777 3603 et

197 3615 226 3674 in
250 3627 342 3674 morte
369 3617 447 3676 salus
478 3623 633 3688 reservata,
653 3617 777 3691 resurgit

197 3687 343 3761 pulchrior
354 3691 557 3762 rediturnpost
568 3689 654 3746 iunus
667 3710 675 3746 e
689 3713 701 3740 a
716 3691 777 3747 haec

197 3761 382 3830 Augustinus.
406 3759 531 3821 Veniens
559 3762 654 3833 itaque
680 3765 778 3818 anima

198 3831 310 3889 Domini
323 3833 407 3890 lesus
423 3831 469 3890 die
483 3831 642 3902 Dominico,
660 3837 689 3889 et
703 3849 777 3890 sum·

197 3918 244 3960 mn
258 3919 354 3974 mane,
368 3920 433 3962 cum
458 3903 622 3961 honorabili
643 3904 777 3961 multitu-

199 3973 266 4032 dine
283 3975 458 4048 Angelorum
487 3977 522 4033 ad
551 3981 777 4046 monumentum,

199 4051 227 4103 et
240 4045 414 4118 reaccipiens
431 4045 501 4104 illud
515 4061 618 4120 corpus
636 4047 778 4104 sanctissi-

198 4133 288 4188 mum,
308 4120 424 4190 propria
441 4117 544 4175 virtute
568 4117 729 4184 resurrexit,
750 4124 779 4176 el

197 4203 229 4246 ex
248 4189 310 4262 ipso
324 4195 511 4246 monumento
520 4189 616 4246 clauso
631 4190 776 4262 processit.

196 4261 284 4318 Nemo
297 4261 401 4334 quippe
418 4265 477 4319 tam
494 4260 577 4318 tacite
595 4259 735 4320 excitatur
752 4269 780 4319 et

197 4331 318 4415 surgite
341 4347 453 4403 somno,
467 4349 553 4406 quam
571 4331 699 4390 Christus
714 4351 778 4391 sur·

196 4409 268 4461 rent
282 4409 400 4462 amortc
414 4409 443 4463 st
453 4404 693 4478 sepulchro,quis
706 4405 779 4463 exci-

823 1401 899 1456 totns
915 1403 959 1456 est
975 1402 1122 1469 tamquam
1138 1395 1284 1452 dormiens
1305 1394 1404 1452 Domi·
1492 1457 1498 1466 ,

824 1471 950 1543 nus,'qui
966 1469 1053 1526 etism
1067 1469 1102 1525 de
1118 1484 1148 1525 se
1164 1467 1251 1524 dicit:
1264 1469 1323 1536 Ego
1338 1467 1403 1522 dor·

824 1545 903 1608 mini,
921 1547 946 1598 et
958 1546 1103 1612 soporatus
1115 1555 1190 1606 sume
1206 1543 1232 1595 et
1246 1540 1404 1602 susurroni,

826 1616 894 1686 quin
908 1615 1039 1670 Dominus
1057 1613 1176 1682 suscepit
1191 1626 1242 1669 me.
1264 1611 1341 1670 Sicut
1354 1625 1407 1666 au-

826 1693 883 1742 tem
911 1683 1038 1742 Christus
1059 1683 1154 1752 exirit,
1167 1681 1263 1740 clauso
1283 1679 1408 1763 Uirginis

826 1761 918 1826 utero,
936 1759 977 1814 sie
992 1755 1083 1828 potuit
1104 1755 1199 1812 clauso
1217 1753 1339 1826 prodire
1358 1767 1409 1834 se-

826 1831 965 1902 pulchro;
981 1829 1144 1886 hortamen
1159 1825 1243 1884 aliter
1257 1825 1320 1890 luit,
1341 1839 1408 1896 quia

826 1905 855 1957 in
873 1899 1093 1958 Resurrectione
1109 1897 1210 1956 babuit
1230 1911 1334 1979 corpus
1346 1895 1408 1968 glo·

827 1973 945 2039 riosum,
969 1973 1015 2029 cui
1038 1972 1116 2027 eliud
1137 1987 1194 2026 non
1219 1968 1338 2038 resistit,
1359 1967 1408 2024 sed

827 2046 919 2100 exitus
938 2043 973 2100 de
996 2049 1077 2100 utero
1103 2040 1231 2113 Virginis
1255 2039 1409 2098 miraculo·

827 2131 875 2172 sus
893 2113 956 2171 init.
972 2117 1008 2172 Ut
1032 2119 1129 2171 autem
1152 2112 1192 2169 ait
1215 2112 1290 2168 Beda
1304 2129 1313 2166 e
1327 2132 1342 2164 n
1359 2112 1411 2166 its·

828 2185 950 2244 surrexit
971 2185 1109 2243 Dominus
1134 2199 1218 2240 mene
1237 2183 1273 2240 de
1301 2198 1409 2240 monn-

828 2263 938 2326 mento,
957 2259 985 2314 in
1008 2273 1064 2330 quo
1089 2271 1154 2312 soro
1170 2256 1232 2328 J'am
1254 2255 1329 2310 iactu
1348 2257 1410 2309 erat

828 2329 985 2402 depositus,
994 2333 1026 2386 ut
1035 2327 1239 2398 adimpleretur
1253 2325 1323 2382 illud
1336 2323 1410 2382 Psal·

829 2401 921 2458 mistae
948 2418 955 2458 :
981 2402 1028 2457 Ad
1051 2415 1193 2471 nespermn
1223 2398 1412 2455 demorabitur

827 2477 916 2544 lictus,
930 2477 956 2530 cl
969 2474 1007 2530 ad
1020 2473 1188 2528 matutinum
1198 2471 1306 2527 latitia,
1322 2490 1337 2520 n

866 2548 994 2602 aTssnn
1013 2561 1112 2612 rosus,
1132 2557 1306 2606 ussuscsnrs
1328 2541 1409 2599 Cuni-

828 2634 888 2686 srn,
903 2634 1013 2675 rannus.
1031 2619 1116 2672 -Et
1135 2631 1192 2672 eece
1216 2620 1296 2672 terra
1309 2619 1410 2681 motus,

829 2689 950 2747 Domino
968 2694 1147 2762 resurgente,
1170 2690 1265 2755 (antus
1289 2691 1329 2742 est
1353 2701 1411 2741 rna·

828 2777 909 2831 gnus,
926 2762 1006 2833 cnjus
1021 2775 1108 2816 cums
1119 2759 1251 2817 subditur
1263 2775 1272 2814 ι
1284 2759 1409 2838 Anneius

828 2835 900 2888 enim
914 2835 1025 2889 Domini
1036 2832 1177 2887 descendit
1187 2832 1301 2898 dedalo,
1314 2836 1341 2886 et
1356 2844 1411 2884 rir-

829 2907 888 2960 tute
903 2906 965 2974 eJus
974 2903 1063 2960 iactus
1073 2907 1117 2959 est
1131 2907 1217 2958 terrae
1225 2905 1329 2968 motus,
1342 2898 1411 2972 quia
1499 2963 1503 2977 ¹

829 2973 989 3047 corporalia
1012 2973 1153 3030 obediunt
1166 2972 1282 3044 Angelis
1301 2971 1338 3028 ad
1358 2987 1411 3027 nu·

828 3051 901 3114 tum,
921 3049 1058 3118 quantum
1083 3045 1120 3102 ad
1145 3049 1254 3100 motum
1280 3043 1411 3102 localem.

830 3119 908 3175 Sicut
925 3117 954 3174 in
967 3115 1102 3174 Passione
1118 3115 1222 3174 Christi
1241 3121 1321 3172 terra
1335 3117 1413 3172 mota

828 3193 882 3258 ssi,
899 3188 930 3245 in
948 3186 1061 3260 signnm
1081 3187 1219 3256 tristitiae3
1244 3185 1284 3244 sic
1303 3185 1333 3242 in
1351 3187 1412 3244 lie-

829 3260 1008 3318 snrreetione
1022 3260 1094 3331 ejus,
1112 3264 1190 3316 mota
1203 3264 1246 3316 est
1258 3257 1412 3338 insignum

828 3332 945 3389 laetitiae.
964 3331 1016 3390 Ubi
1031 3331 1071 3388 ait
1088 3331 1162 3389 Dedn
1178 3347 1185 3386 ι
1203 3351 1217 3382 n
1233 3329 1314 3399 Quod
1327 3333 1413 3385 etiem

828 3409 914 3462 terrae
927 3411 1031 3472 motus,
1047 3407 1215 3476 resurgente
1236 3400 1356 3458 Domino
1376 3399 1411 3482 de

830 3476 993 3549 sepulchro,
1009 3475 1082 3532 sicut
1097 3483 1126 3532 et
1147 3477 1209 3546 ipso
1223 3471 1364 3531 moriente
1380 3485 1409 3528 m

830 3564 924 3619 cruce,
948 3548 1037 3604 iactus
1056 3552 1100 3604 est
1118 3562 1249 3620 magnus,
1269 3542 1413 3616 significat

830 3626 947 3676 terrens
968 3619 1047 3692 prius
1067 3619 1154 3676 corda
1170 3617 1324 3691 perfidem
1339 3617 1414 3672 Pas-

831 3690 920 3748 sionis
930 3707 963 3747 ac
973 3690 1269 3762 ResurrectioniseJns
1278 3689 1339 3744 iore
1349 3703 1415 3744 con-

832 3761 966 3820 cutienda
980 3763 1016 3819 ad
1028 3763 1235 3835 poenitentiam,
1247 3765 1274 3818 et
1284 3759 1414 3818 saluber·

832 3833 905 3890 rimo
924 3849 1031 3906 pavore
1055 3841 1185 3906 permota
1204 3831 1342 3891 advitam
1362 3847 1416 3889 su-

832 3905 979 3963 blimanda
1002 3911 1180 3986 perpetuam.
1196 3925 1211 3956 n
1228 3904 1281 3962 Ubi
1296 3905 1415 3962 etSens-

832 3981 948 4034 rinnau:
965 3977 1123 4034 «Stantem
1140 3977 1179 4034 sic
1193 3981 1269 4033 terra
1284 3975 1414 4043 tremuit,

834 4063 898 4105 cum
915 4047 1052 4106 Dominus
1066 4049 1102 4104 ad
1117 4051 1231 4106 veniam
1242 4063 1359 4105 ¹*riorum
1375 4061 1417 4103 rs

834 4125 975 4202 surgeret,
988 4121 1133 4192 quomodo
1142 4119 1344 4178 contremiscet
1353 4131 1417 4174 cum

834 4207 984 4248 noxiorum
1003 4191 1132 4249 omnium
1156 4197 1287 4263 resurget
1305 4192 1342 4248 ad
1356 4204 1416 4260 ρω-

836 4263 928 4320 nami
944 4265 979 4321 Et
995 4265 1139 4337 quomodo
1156 4263 1270 4320 Domini
1289 4275 1420 4334 praesen-

836 4334 906 4393 tiam
921 4337 1085 4405 sustinebit,
1101 4351 1166 4408 qum
1180 4335 1280 4417 Angeli
1300 4346 1420 4403 pressen-

834 4406 904 4464 tiam
920 4406 1060 4464 sustinere
1080 4422 1137 4464 non
1157 4405 1271 4463 salusti
1288 4424 1302 4456 n
1318 4404 1352 4460 lit
1367 4417 1419 4458 no·
