3036 5042
196 322 226 376 tl
543 323 700 374 SECUNDAE
728 321 849 376 Pltltls
878 321 980 373 Cnl’lll
1011 323 1064 375 tlt

195 447 287 504 gnane
309 449 362 489 uec
383 430 519 499 renitens,
537 445 590 486 uec
614 445 778 484 resonemu-

194 517 273 573 raus,
288 503 336 562 sed
352 503 424 561 sieut
434 504 494 560 oris
509 517 540 557 os
554 513 635 558 suum
648 517 705 556 uon
716 515 781 571 ape-

158 575 167 590 '
194 571 781 633 riens-lnconlormandnscisiiarticu-

193 647 231 716 lo,
243 647 380 720 recogitet
395 649 478 704 homo
493 659 578 718 quam
596 642 779 715 exprobrabi-

190 718 266 788 liter,
284 719 357 776 sicut
372 719 417 774 lur
431 717 474 774 vel
489 717 562 774 latro
583 715 712 772 Christus
725 714 778 798 du-

192 795 254 848 ctus
273 789 337 856 luit,
358 794 386 846 et
395 787 501 863 poterit
513 785 600 845 etiam
615 785 778 844 mentaliter

191 861 308 918 visitare
324 875 424 918 novem
442 858 586 922 ecelesias,
601 858 674 914 sicut
689 858 775 914 dcco-

193 935 232 989 tio
242 931 330 1014 dabit.
344 935 425 994 Item.
438 931 598 990 lormetsibi
609 929 776 1012 lniomopro·

191 1003 536 1132 llllllttttltlil
549 1003 775 1130 uliilull:

191 1145 337 1218 placitum,
358 1151 386 1203 et
407 1153 480 1216 oret,
497 1145 595 1202 dicens
612 1161 619 1200 ε
635 1147 710 1212 lesa,
726 1147 776 1215 qui

190 1221 299 1274 uinctus
313 1221 388 1276 octat
397 1221 560 1284 malefactor
572 1217 607 1272 ab
620 1219 726 1286 iniquis
741 1217 777 1271 de

190 1291 247 1346 loco
257 1290 295 1346 ad
309 1291 396 1348 locum
407 1291 638 1362 exprobrabilitcr
652 1289 774 1343 ductuu-

191 1362 279 1422 lac'sli.
296 1363 333 1418 llo
347 1364 417 1418 miti
430 1365 569 1429 uirtutem,
578 1366 608 1416 ut
620 1360 657 1416 ud
668 1361 773 1415 nultum

190 1449 208 1489 a
252 1435 320 1490 irila
333 1436 465 1503 maligno,
477 1435 520 1488 oet
533 1433 568 1488 ab
581 1433 687 1487 lamiae
701 1434 773 1487 malo

189 1519 218 1561 se
239 1511 470 1578 acarpeccutum3
480 1505 663 1575 sedospirita
674 1507 719 1558 tao
731 1505 774 1559 do

189 1593 223 1703 {aa
246 1577 333 1704 dacor
342 1578 379 1634 od
386 1580 478 1634 omnio
489 1581 541 1633 tua
552 1575 721 1648 beneplacita
730 1591 775 1631 uo-

201 1654 268 1704 artla
284 1652 304 1704 i.

224 1723 258 1777 ds
276 1719 386 1778 Psonou
400 1723 486 1778 lusuu
513 1735 664 1785 seousssn
685 1735 773 1776 nonae

188 1807 216 1847 m
237 1807 344 1920 ἔτιυωὲ
365 1795 531 1920 ‘Pourrrtrcrs
551 1809 771 1922 Jrurnonogrron.

188 1893 223 1904 -
259 1879 327 1935 epae
345 1881 410 1920 eur
437 1881 528 1920 ouem
569 1879 643 1920 esum
699 1880 773 1920 emon

187 1937 294 2006 Petras,
309 1941 335 1992 el
346 1937 420 1992 allas
434 1935 598 2010 discipulas.
607 1933 715 1992 scilicet
728 1937 773 1992 to-

188 2021 290 2072 annes.
313 2005 364 2065 sed
384 2007 501 2082 alonge
520 2023 552 2066 ex
567 2005 679 2064 timore.
695 2006 773 2064 Licet

189 2079 265 2137 euim
280 2077 327 2137 isti
343 2077 415 2138 sicut
427 2088 456 2138 et
469 2079 517 2138 alii
534 2079 624 2152 primo
636 2095 669 2136 ex
684 2077 770 2136 timo¹

189 2165 220 2207 re
239 2151 386 2224 fugissent,
400 2157 501 2224 postea
516 2159 612 2209 tamen
631 2167 664 2208 ex
679 2151 771 2207 devo-

187 2221 268 2279 tione
281 2225 377 2281 lesum
393 2223 480 2281 secuti
492 2229 568 2292 sunt,
577 2222 644 2294 quia
658 2223 769 2279 serven·

190 2289 278 2350 tiores
299 2293 363 2351 aliis
376 2301 468 2363 erant,
487 2300 572 2366 etque
587 2309 647 2366 prae
668 2293 770 2350 ceteris

189 2361 334 2422 Christum
358 2363 526 2436 diligebant,
543 2369 572 2421 et
586 2363 654 2436 quia
679 2366 770 2435 major

190 2451 237 2492 eos
260 2435 296 2492 ad
321 2433 442 2493 invicem
466 2435 509 2493 ris
527 2435 688 2492 dilectionis
703 2435 769 2492 uni·

189 2507 265 2563 ebat.
281 2507 361 2576 Quod
374 2509 498 2564 loannes
510 2511 538 2564 et
555 2511 653 2564 Petrus
672 2507 768 2564 Domi-

188 2593 254 2634 uum
268 2581 304 2636 ad
325 2577 489 2636 Passionem
509 2583 622 2636 euntem
645 2595 768 2650 sequun-

188 2653 243 2718 tur,
264 2649 406 2722 significat
415 2649 567 2708 Ecclesiam
582 2651 617 2707 de
627 2650 725 2708 ludaea
741 2657 770 2708 et

187 2717 325 2778 Gentibus
341 2721 450 2778 Domini
469 2721 634 2779 Passionem
652 2728 767 2779 secutu-

186 2807 259 2862 ram,
275 2792 303 2849 id
319 2797 364 2851 est
379 2793 564 2862 imitaturam,
578 2793 664 2850 seda
684 2794 768 2866 longe

185 2867 215 2920 et
226 2865 391 2922 differenter
406 2881 413 2922 :
430 2865 556 2922 Ecclesia
572 2863 648 2922 enim
670 2881 722 2938 pro
737 2883 768 2924 se

187 2935 300 3007 patitur.
317 2937 367 2994 sed
382 2933 428 2994 ille
445 2953 496 3010 pro
517 2936 652 3007 Ecclesia,
664 2943 691 2994 et
723 2955 767 2994 as·

187 3003 228 3091 sio
244 3009 411 3066 Sanctorum
427 3025 444 3067 a
460 3011 543 3081 longe
558 3007 686 3067 imitatur
699 2954 767 3067 Bas·

187 3093 296 3137 sionem
318 3079 432 3146 Christi,
448 3079 515 3154 quia
537 3096 593 3136 non
619 3087 662 3138 cst
686 3081 768 3138 dolor

187 3149 288 3210 similis
307 3153 398 3211 dolori
417 3153 488 3227 ejus.
506 3153 630 3224 ilystzcc,
648 3169 700 3226 per
713 3155 767 3210 hos

185 3221 255 3281 duos
275 3223 426 3299 discipulos
444 3225 507 3283 duas
522 3223 586 3281 ritu
603 3223 766 3290 intelligun-

186 3297 244 3364 tur,
253 3296 301 3369 qui
313 3295 456 3356 Christum
465 3303 631 3368 sequuntur,
641 3295 764 3353 scilicet:

185 3365 285 3432 activa,
308 3385 371 3442 quoe
392 3385 444 3442 per
459 3371 583 3436 Petrum,
597 3372 626 3424 et
638 3372 765 3424 contem-

185 3437 300 3510 plativa.
317 3455 379 3512 quae
400 3453 451 3511 per
468 3441 607 3497 loannem
623 3435 765 3509 signitica-

182 3513 242 3580 tur;
261 3511 353 3568 activa
371 3510 485 3584 quidem
505 3509 648 3568 Christum
666 3513 765 3581 sequi-

182 3583 237 3650 tur,
250 3580 274 3638 ei
284 3581 456 3651 obediendo;
470 3581 686 3653 contemplativa
698 3597 764 3640 vero

180 3665 245 3709 eum
268 3653 464 3728 cognoscendo
483 3660 513 3712 et
535 3653 764 3724 contemplando.

179 3726 343 3798 Discipulos
356 3732 448 3784 eatan
459 3724 765 3797 illaseilicettoannes,

177 3799 236 3852 erat
259 3801 340 3856 aolus
366 3799 506 3871 Pontifici,
521 3801 547 3856 el
566 3799 693 3855 introivit
705 3813 767 3856 cam

837 431 901 483 lesa
915 433 943 484 iu
951 435 1054 486 utrium
1066 431 1425 504 Poritiptcis,quiap1·opler

836 499 967 556 notitiam
990 500 1145 573 permissus
1165 507 1209 560 est
1227 501 1339 560 intrare
1357 519 1423 561 cum

835 570 908 627 aliis.
925 573 1018 629 Causa
1033 589 1100 630 vero
1113 574 1291 632 suaeuotitiae
1305 575 1367 632 haee
1381 593 1424 634 es-

834 658 864 700 se
876 649 1000 716 poterat,
1014 647 1083 715 quia
1096 645 1170 702 torte
1187 645 1293 704 missus
1307 663 1325 703 a
1342 654 1423 718 patre

833 730 885 772 suo
899 715 993 788 pisces
1007 716 1044 773 ad
1063 716 1180 774 domum
1198 717 1344 776 Pontificis
1359 721 1423 791 plu·

833 785 889 842 ries
905 793 1070 858 portaverat
1086 805 1093 844 :
1112 789 1166 852 rel.
1192 790 1264 846 torte
1279 790 1347 862 quio
1368 791 1422 847 ali·

832 858 896 929 quis
913 859 949 916 de
965 857 1136 930 cognatione
1149 861 1211 933 ejus
1229 861 1345 919 ibedem
1358 877 1421 918 ser-

831 930 1422 1005 riebet;vel,secundumaliqnos‚derege

831 1003 917 1058 David
934 1003 1132 1072 descenderat,
1148 1019 1217 1074 uuas
1230 1005 1419 1076 genealogias

830 1074 993 1130 sacerdotes
1009 1075 1161 1132 habebant.
1177 1079 1214 1132 El
1229 1078 1307 1132 diali
1322 1079 1420 1134 loan-

829 1159 880 1201 nes
894 1148 1016 1201 oslrorie
1039 1152 1065 1201 el
1079 1147 1238 1203 introducit
1260 1149 1304 1202 vel
1323 1147 1419 1205 intro·

829 1217 892 1272 duci
905 1217 970 1272 lecit
979 1219 1099 1286 Petrum,
1111 1217 1157 1289 qui
1168 1235 1201 1275 ex
1211 1221 1312 1276 timore
1322 1221 1419 1276 stabul

828 1289 899 1356 soris
914 1289 952 1344 ad
966 1292 1076 1348 ostiam.
1090 1305 1127 1360 qu
1137 1289 1168 1346 isi
1183 1291 1357 1362 praesagiens
1372 1293 1418 1348 lu-

829 1366 900 1416 torae
916 1357 1076 1431 negationis
1089 1361 1202 1418 lactum.
1222 1363 1300 1419 Unde
1312 1363 1419 1420 dicitur

828 1429 856 1487 in
868 1432 980 1488 Psalmo
992 1447 999 1487 :
1009 1433 1063 1499 Qui
1071 1434 1201 1490 ridebant
1213 1449 1265 1500 me,
1277 1437 1357 1500 forus
1368 1439 1419 1502 la-

827 1511 925 1572 gerum
940 1521 957 1560 a
972 1520 1022 1560 mc.
1038 1506 1151 1576 Mystico
1166 1510 1272 1574 autem,
1287 1507 1419 1564 loannes

828 1573 956 1630 introivit
969 1589 1032 1631 eum
1045 1577 1123 1634 lesu.
1139 1576 1207 1648 quia
1219 1575 1276 1633 vite
1290 1583 1420 1635 cuntem·

828 1646 934 1773 fistice
951 1652 993 1703 est
1009 1645 1035 1703 ei
1051 1646 1216 1716 lamilinrim
1240 1649 1290 1704 sed
1313 1651 1418 1707 Petrus

839 1717 1009 1786 orisstabal,
1019 1717 1086 1789 quia
1097 1718 1191 1776 activa
1203 1719 1261 1776 rita
1275 1719 1353 1778 circa
1368 1738 1416 1778 ex·

827 1789 1418 1874 terioraoccupalurPerhoeaulemquod

826 1863 952 1918 loannes
967 1861 1033 1918 lecit
1047 1861 1188 1920 introduci
1205 1865 1331 1932 Petrum,
1353 1881 1417 1936 my·

826 1931 896 1990 stice
920 1932 1042 2005 intelligi
1057 1934 1151 2004 detur,
1173 1935 1249 2006 quod
1272 1951 1322 2004 per
1349 1953 1415 1994 cou-

827 2003 1021 2078 templativnm
1047 2004 1134 2062 vitam
1160 2004 1351 2064 introducitur
1375 2009 1414 2065 ad

827 2077 971 2133 Christum
980 2076 1038 2134 rita
1048 2077 1157 2146 activa;
1169 2077 1326 2135 sicutenim
1338 2079 1412 2137 ratio

826 2147 944 2204 interior
957 2147 1088 2219 dirigitur
1103 2165 1154 2222 per
1168 2149 1357 2223 superiorem,
1373 2151 1414 2208 ita

827 2219 884 2275 vita
905 2219 999 2276 activa
1017 2235 1069 2292 per
1083 2221 1346 2292 contemplativam.
1362 2225 1412 2280 Se·

811 2307 924 2374 onere,
950 2297 980 2348 et
995 2297 1038 2362 tu,
1055 2308 1120 2348 eum
1140 2294 1285 2364 usquead
1305 2297 1410 2352 atrium

826 2363 974 2436 principis,
990 2368 1019 2420 et
1038 2362 1115 2422 intra
1134 2381 1198 2420 eum
1217 2381 1264 2434 eo,
1284 2367 1308 2422 si
1328 2371 1411 2439 potc-

825 2433 876 2504 ris,
890 2441 921 2492 ut
933 2433 1044 2506 singula
1058 2451 1121 2507 quse
1142 2437 1215 2492 liunt
1233 2437 1329 2494 ridere
1351 2453 1411 2495 me-

825 2508 925 2563 rearis.
945 2506 1056 2563 Atrium
1073 2507 1229 2565 vocabatur
1242 2511 1340 2581 platea
1355 2511 1409 2568 sub

825 2577 883 2647 dio,
901 2577 977 2635 iuter
995 2577 1116 2651 primam
1136 2585 1247 2652 portam
1265 2589 1294 2636 et
1310 2597 1410 2638 secun·

825 2649 901 2718 dam,
918 2649 967 2707 ubi
981 2655 1064 2706 erarii
1079 2651 1200 2708 ministri
1213 2650 1412 2734 prim-ipiscir-

1491 2529 1493 2608 l

824 2723 1023 2778 rumsedentes
1046 2723 1081 2779 ad
1106 2722 1218 2795 ignem;
1237 2730 1313 2781 mter
1338 2739 1410 2797 quos
1490 2743 1491 2810 l

824 2785 916 2849 studet
932 2795 1029 2849 Petrus
1040 2795 1205 2863 calefaciens
1218 2811 1255 2851 se.
1273 2797 1353 2852 lutus
1363 2813 1410 2853 au·

823 2869 881 2920 lem
900 2869 983 2921 erant
1002 2867 1029 2921 in
1055 2866 1175 2924 concilio
1199 2865 1344 2940 principes
1365 2883 1409 2925 sa·

823 2937 970 2994 enrdotum
985 2941 1011 2993 et
1028 2937 1145 3008 Scriba,
1166 2943 1195 2995 et
1209 2939 1341 2996 seniores
1357 2957 1365 3008 ;
1382 2947 1409 2997 et

823 3007 961 3065 Dominus
976 3023 1040 3065 cum
1053 3009 1105 3079 eis,
1125 3009 1198 3067 sicut
1215 3025 1309 3082 agnus
1333 3011 1409 3068 inter

823 3080 915 3151 lupos.
945 3077 994 3136 ilic
1016 3079 1092 3138 trina
1115 3086 1229 3153 negatio
1254 3081 1330 3138 Petri
1358 3083 1408 3140 luit

822 3151 1025 3215 inchoate,sed
1035 3157 1133 3224 postea
1149 3153 1178 3210 in
1191 3151 1275 3210 domo
1291 3153 1406 3227 Caiphae

821 3229 1029 3293 consummata,
1045 3230 1074 3281 et
1087 3224 1151 3282 ideo
1172 3231 1289 3298 propter
1309 3229 1406 3282 couti-

822 3293 985 3352 nuationem
1016 3286 1153 3364 restiterim,
1183 3295 1267 3354 simul
1306 3313 1406 3354 omncs

821 3371 879 3422 tres
908 3367 983 3423 inlra
1001 3373 1066 3424 sunl
1082 3368 1192 3440 positae.
1208 3368 1317 3426 Ibidem
1338 3385 1405 3440 ergo

821 3436 940 3494 Domino
954 3439 1022 3495 lesu
1038 3437 1068 3495 in
1082 3440 1156 3498 bello
1167 3447 1196 3497 et
1210 3439 1345 3497 conlliclu
1357 3441 1405 3496 du-

821 3524 853 3565 ro
869 3515 897 3566 et
910 3519 1218 3583 asperopermaoeote,
1229 3517 1261 3570 tu
1276 3513 1404 3584 aliquau-

821 3581 910 3637 lulum
926 3596 982 3637 non
997 3581 1059 3640 sine
1072 3582 1266 3655 compassione
1281 3583 1403 3655 etgemi·

821 3657 850 3708 tu
873 3652 1042 3710 dormitabis
1061 3660 1090 3712 et
1105 3655 1245 3729 quiesces,
1266 3656 1290 3712 si
1307 3663 1402 3713 tamen

819 3725 926 3798 poteris
940 3725 995 3782 hoc
1011 3725 1116 3786 lacere.

721 3985 850 4044 ΟΗΛΤΙΟ

207 4155 325 4217 Domine
340 4153 409 4216 lesu
424 4153 545 4222 Christe,
561 4153 608 4228 qui
624 4149 768 4227 inegonia
782 4153 948 4227 sanguinem
963 4151 1084 4224 sudasti,
1101 4154 1138 4211 ds
1154 4153 1222 4211 milri
1242 4155 1271 4211 in
1289 4167 1397 4212 arum-

171 4299 220 4362 sed

172 4247 207 4290 na
245 4227 463 4304 eregrinationis
481 4227 576 4300 hujus,
591 4231 691 4283 lecum·
706 4228 820 4296 sudare,
835 4231 865 4283 ul
888 4228 981 4283 otiosa
1007 4239 1066 4282 non
1084 4241 1259 4283 marcesesm
1279 4239 1311 4308 re
1334 4243 1395 4287 uie;

226 4239 260 4361 ῗη
275 4301 378 4360 sudore
393 4299 486 4358 vultos
501 4299 554 4356 mei
567 4313 667 4356 vescar
680 4301 708 4356 te
724 4313 799 4370 pane
814 4296 886 4368 rivo,
902 4297 1002 4369 tuique
1026 4297 1140 4354 sudoris
1164 4299 1311 4368 sanguinei
1351 4298 1390 4354 at-
