3124 5038
381 407 418 458 tts
447 408 652 462 lsutaSlttlt.
681 411 801 468 Duttllt
830 415 950 470 NOSTRI
978 417 1055 470 lESl}
1084 417 1226 470 altttsrt.
1371 420 1419 471 ‘tls

189 511 772 601 nitentiaeetlnctusestindicium-..Quod
828 521 1414 598 caelestiumpremiorumadeptionesem·

187 592 274 642 etiam
289 587 421 643 omnibus
439 587 709 670 diebusflDomtmcts
722 593 771 650 ob·
827 609 878 666 per
892 596 1023 652 laborare
1035 595 1192 653 debeamus
1222 599 1306 654 Recte
1324 595 1413 654 stiam

190 658 375 740 servandum,
392 667 508 740 propter
521 659 649 741 ejusdem
666 663 772 720 Resur-
826 665 1072 739 quinquagenario
1093 665 1202 724 dierum
1219 684 1336 724 numero
1353 673 1411 724 sta·

189 734 326 786 rectionis
351 731 393 785 vel
414 731 581 813 Domrnrcae,
600 733 642 787 vel
668 739 773 793 nostrae
826 743 887 794 tum
912 739 1014 796 iuturae
1036 744 1141 796 nostrae
1169 738 1352 798 beatitudinis
1382 739 1410 796 in

190 805 379 868 sacramenta,
388 807 489 928 patres
504 809 698 860 instituerunt.
716 807 771 862 lle·
826 808 951 882 imagine
965 825 1145 878 veneramur,
1156 809 1267 882 jejunia
1280 809 1412 868 videlicet

189 875 232 928 cte
247 887 315 954 argo
330 887 387 954 qua
408 872 558 943 ragenario
585 873 695 932 dierum
723 893 773 934 nu·
826 881 994 950 relaxando,
1016 883 1132 938 attalaia
1148 881 1289 950 canendo,
1305 887 1415 939 stantes

189 957 268 1000 mero
275 959 415 1014 jejumum
429 959 524 1001 annue
538 945 726 1010 celebramus,
742 955 773 1006 ut
826 952 945 1022 orando,
959 969 1022 1025 que
1033 957 1099 1008 sunt
1109 951 1256 1035 aptissima
1266 958 1411 1026 perpetuas

191 1029 241 1098 pap
267 1015 320 1070 boc
346 1013 523 1142 spiritualius
551 1017 769 1086 admoneamur,
826 1023 939 1094 quietis,
955 1022 1174 1081 resurrectionis
1188 1028 1216 1082 et
1229 1023 1321 1082 laudis
1336 1039 1411 1097 prae·

189 1100 349 1158 quisquam
372 1102 438 1144 turn
453 1087 559 1144 mundo
572 1087 701 1159 vivimus,
719 1107 770 1163 pro
825 1094 906 1167 sagia
922 1113 953 1152 :o
967 1096 1029 1152 haec
1043 1095 1126 1154 Dedo.

731 1261 862 1319 ostatu

226 1416 344 1498 Domine
358 1419 426 1474 lesu
441 1416 562 1487 Christe,
575 1433 628 1492 per
642 1419 796 1492 gloriosam
817 1423 1067 1483 Resurrectionem
1085 1431 1173 1496 tuam,
1190 1443 1246 1501 qua
1267 1425 1413 1502 discipulis

190 1493 219 1544 et
236 1487 369 1570 tldelrbus
384 1487 547 1572 tuisvivns
566 1495 594 1546 et
609 1489 779 1575 immortalis
802 1493 977 1578 apparuistij
993 1513 1043 1566 per
1059 1501 1250 1580 gratissimam
1265 1514 1375 1556 moram
1387 1505 1414 1556 et

191 1559 333 1630 colloquia
349 1560 524 1629 ‹lulctssrma,
542 1577 606 1632 quae
621 1579 686 1620 cum
710 1580 751 1620 ets
770 1579 821 1636 per
834 1569 1024 1638 quadraginta
1042 1569 1103 1626 dies
1118 1569 1253 1634 habuisti.
1273 1569 1417 1642 inquibus

191 1630 288 1688 multis
303 1631 480 1713 argumentis
497 1649 638 1705 apparens
653 1634 694 1691 eis
707 1639 735 1692 et
749 1636 869 1708 loquens
884 1637 920 1694 de
935 1655 1022 1710 reguo
1042 1639 1101 1708 Dei,
1116 1657 1220 1713 eosque
1237 1641 1414 1712 confortans,

190 1707 219 1759 et
233 1717 296 1758 cum
321 1719 362 1760 ets
386 1719 568 1774 convescens,
582 1710 614 1761 ut
631 1707 876 1764 Resurrectionem
892 1725 987 1766 voram
1005 1709 1034 1766 in
1053 1717 1080 1768 te
1098 1714 1254 1784 probarent
1270 1719 1298 1770 st
1316 1712 1414 1770 crede·

189 1779 264 1842 rent,
280 1773 397 1856 totalem
414 1775 620 1858 dubitationem
638 1778 673 1834 de
692 1777 817 1850 ipsorum
832 1780 964 1838 cordibus
979 1781 1141 1840 abstulisti:
1159 1786 1277 1842 obsecro
1298 1789 1336 1854 te,
1349 1785 1416 1841 lesu

189 1845 265 1902 bone
282 1850 311 1902 et
324 1862 378 1917 pre,
393 1845 429 1927 da
443 1849 511 1903 mihi
530 1858 605 1904 anter
620 1853 708 1906 testas
720 1849 1019 1920 praeordinatosaDeo
1033 1859 1134 1912 testem
1151 1855 1212 1912 lieri
1224 1854 1415 1913 Resurrectio·

190 1917 234 1973 nis
247 1923 312 1988 tuae,
331 1933 387 1974 non
406 1917 503 1990 lingua
517 1923 638 1990 tantum,
654 1925 682 1977 et
696 1922 799 1990 verb03
815 1922 866 1980 sed
883 1939 979 1996 opere,
995 1931 1023 1984 et
1037 1925 1165 1986 veritate.
1181 1930 1283 1989 Amen.

642 2245 780 2315 CAPUT
809 2247 957 2318 lxxxii

438 2452 475 2496 Du
491 2451 672 2496 ASCENSIONE
691 2453 793 2498 Dutdlltt
812 2453 919 2499 ltosstu
939 2455 1009 2500 issu
1027 2456 1158 2505 culisti.

272 2623 358 2680 Marci
378 2637 439 2694 cap.
454 2623 524 2693 xvi,
542 2625 624 2681 Lucae
640 2640 701 2696 cap.
719 2626 812 2694 lleV,
830 2633 857 2682 ct
873 2627 992 2683 Actuum
1010 2625 1210 2699 Apostolorum
1226 2642 1288 2702 cap.
1310 2629 1330 2685 l.

229 2821 239 2856 1
257 2801 381 2856 Uarmnrr
396 2801 496 2856 Doutru
516 2818 544 2856 m
563 2817 658 2858 cucur
675 2819 773 2858 ascen·
828 2804 907 2860 tnnc
921 2803 1017 2874 itaque
1030 2802 1102 2860 bene
1116 2805 1204 2860 sciens
1216 2803 1354 2864 Dominus
1366 2809 1414 2864 Ja-

192 2888 252 2928 snm
269 2887 426 2928 convrvruv.
441 2871 561 2930 -Circa
573 2871 774 2930 Ascensionem
829 2877 969 2944 suaeuis
995 2877 1070 2930 uenit
1092 2875 1160 2930 bora
1182 2875 1253 2946 ejus,
1268 2881 1300 2932 ut
1322 2882 1414 2936 tront-

192 2942 304 3000 Domini
322 2948 350 3000 te
365 2943 478 3014 vigilem
491 2959 554 3001 esse
568 2949 693 3016 oportet;
708 2961 774 3002 nam
829 2949 873 3000 eat
885 2961 920 3000 ea
933 2947 981 3000 ltoc
992 2944 1095 3000 mundo
1109 2945 1147 3000 cd
1160 2948 1279 3012 Patrem,
1295 2963 1355 3004 cam
1370 2949 1414 3004 dt·

191 3015 253 3071 haec
268 3014 435 3071 solemnitas
454 3015 534 3071 valde
563 3014 699 3072 solemnis
720 3021 773 3084 est,
830 3017 942 3072 lecisset
961 3031 1033 3082 suos,
1049 3031 1125 3074 nunc
1145 3033 1211 3074 vero
1232 3033 1318 3102 usque
1335 3021 1366 3076 ln
1381 3022 1414 3092 p·

192 3091 224 3142 ut
239 3087 312 3143 inira
326 3086 443 3158 patebit.
459 3088 493 3142 Et
503 3087 604 3144 saltem
617 3087 670 3144 boc
680 3087 716 3144 ad
732 3095 774 3144 at·
828 3103 890 3144 nen
905 3087 1007 3144 dilexit
1025 3103 1079 3144 eos.
1095 3087 1243 3160 Accipiens
1270 3088 1357 3158 igitur
1380 3089 1415 3149 de

191 3156 348 3214 tentionem
369 3164 395 3214 te
417 3158 526 3214 animet
545 3157 679 3230 amplius,
699 3157 775 3230 quod
829 3157 962 3232 paradiso
978 3158 1106 3216 terrestri
1125 3165 1239 3218 sanctos
1264 3163 1372 3232 Patres,
1388 3167 1416 3220 et

192 3244 267 3286 nune
294 3227 431 3286 Dominus
450 3229 591 3302 completo
615 3246 675 3286 suae
695 3245 776 3301 pere·
830 3245 930 3288 omnes
947 3227 1011 3287 illas
1027 3235 1141 3288 sarantes
1160 3237 1188 3288 et
1205 3232 1368 3290 benedictas
1384 3247 1415 3290 a·

191 3300 362 3372 grioationis
380 3317 475 3372 cursu,
491 3307 534 3358 est
565 3304 698 3359 raesrntia
713 3317 775 3358 cor·
831 3301 935 3370 nimos,
946 3317 978 3358 ac
993 3301 1165 3359 benedicens
1178 3301 1244 3360 Elias
1258 3309 1286 3360 ct
1301 3303 1415 3362 llenoelt

193 3371 284 3444 parali
304 3388 478 3443 recessurus,
494 3318 570 3430 raulfe
585 3373 672 3446 ipsius
691 3373 778 3430 verba
832 3372 871 3430 ibi
891 3371 1117 3440 remanentibus,
1133 3379 1162 3430 et
1179 3374 1271 3432 adhuc
1291 3373 1417 3432 viventi-

193 3449 222 3500 et
235 3445 309 3500 lacta
323 3452 389 3500 sunt
407 3443 545 3501 attentius
559 3444 776 3502 consideranda.
832 3446 905 3514 bus3
932 3443 1010 3501 venit
1034 3447 1070 3502 ad
1099 3443 1232 3502 undecim
1264 3444 1418 3518 discipulos

193 3515 332 3584 Quaelibet
355 3515 430 3572 enim
455 3515 552 3573 aninra
576 3517 667 3574 tidelis
694 3517 779 3574 debet
833 3531 912 3586 suos,
926 3516 972 3589 qui
989 3523 1070 3574 eraut
1084 3515 1112 3574 in
1142 3521 1237 3574 monte
1257 3515 1337 3586 Sion,
1353 3533 1417 3576 cum

193 3603 329 3659 sponsum
344 3603 437 3654 sunm,
453 3587 604 3644 Dominum
624 3591 713 3645 Deum
729 3603 778 3644 su·
834 3589 924 3644 tlatre
943 3587 1031 3660 ipsius
1058 3595 1086 3645 et
1111 3587 1184 3646 aliis.
1202 3588 1306 3646 Omnes
1330 3587 1418 3662 siqui·

194 3675 253 3722 um,
271 3661 299 3714 in
311 3660 372 3730 ejus
387 3657 512 3715 discessu
526 3658 780 3729 diligentissimam
833 3661 897 3717 dem
912 3669 970 3716 tam
984 3658 1109 3730 Apostoli
1122 3657 1417 3732 quamaliidiscipuil.
1432 3671 1443 3686 '·

193 3729 410 3801 vigilantissime
425 3731 632 3798 observor-met
648 3746 712 3800 quae
726 3745 778 3801 per
833 3746 885 3787 nec
906 3745 962 3786 non
983 3735 1012 3786 et
1036 3729 1181 3800 mulieres,
1199 3730 1365 3789 babitabant
1389 3730 1418 3790 in

195 3801 287 3874 ipsum
313 3801 446 3858 dicuntur
465 3807 493 3858 et
512 3801 595 3869 irunt,
610 3801 779 3858 viscerosius
834 3805 930 3858 monte
943 3801 1010 3858 Sion
1022 3819 1031 3869 ;
1044 3801 1093 3858 sod
1109 3801 1137 3858 in
1151 3803 1308 3870 coenaculo,
1321 3801 1349 3860 in
1363 3817 1418 3876 quo

194 3879 291 3929 mente
306 3872 456 3944 amplecti;
473 3888 506 3928 ae
525 3871 617 3928 eidem
639 3888 670 3928 se
693 3873 778 3929 devo·
834 3873 971 3930 Dominus
986 3879 1158 3942 eoenaterat,
1173 3872 1341 3932 babitabant
1352 3877 1419 3932 tunc

194 3944 251 4000 tius
273 3949 301 4000 et
322 3943 456 4002 humilius
483 3945 735 4012 recommendare3
752 3948 781 4000 et
834 3942 923 4000 Maria
937 3959 1001 4000 curn
1017 3943 1148 4000 undecim
1163 3943 1316 4016 Apostolis,
1332 3945 1418 4002 ceteri

195 4015 323 4072 totaliter
337 4019 463 4072 animum
484 4031 565 4071 surim
585 4017 620 4072 ab
637 4015 701 4071 aliis
718 4017 781 4072 abs
835 4031 901 4072 vero
928 4013 1060 4088 discipuli
1083 4023 1112 4073 et
1138 4015 1273 4074 mulieres
1297 4015 1418 4073 circum·

194 4088 319 4143 trabere.
341 4085 564 4154 Quadragosimo
584 4093 679 4142 autem
699 4086 744 4142 die
764 4101 781 4142 a
834 4101 949 4158 quaqua
962 4101 1012 4159 per
1024 4086 1270 4160 diversaltospitia
1284 4091 1367 4144 erant
1381 4085 1422 4144 di·

195 4157 512 4215 Resurrectionevolult
531 4157 668 4214 Dominus
682 4173 780 4213 ascen·
835 4157 897 4216 visi,
921 4160 1076 4216 Novissime
1104 4175 1183 4232 ergo,
1202 4159 1422 4216 recumbentibus

196 4227 275 4296 dere,
292 4234 322 4285 ut
336 4231 546 4286 demonstraret
570 4228 679 4300 eosqui
696 4229 779 4286 deca·
835 4245 884 4286 seu
900 4231 1115 4288 comedentibus
1130 4231 1189 4286 iltis
1208 4231 1334 4286 undecim
1349 4231 1422 4301 Apo·

195 4299 292 4373 logum
307 4300 400 4372 Legis,
422 4316 471 4371 per
493 4307 615 4374 quatuor
630 4300 782 4372 Evangelia
835 4301 969 4370 stolis,iu
998 4302 1045 4358 illo
1072 4301 1217 4358 emitas-ulo
1244 4317 1305 4356 curn
1337 4301 1422 4357 Denta

195 4371 387 4444 impleverint,
409 4389 491 4444 posse
511 4373 612 4433 ccelum
633 4375 779 4429 scandere.
824 4372 961 4446 'Virgiue,
977 4379 1005 4431 et
1025 4373 1095 4430 lorte
1112 4371 1185 4444 aliis,
1206 4371 1254 4429 sed
1274 4368 1424 4444 digniores
