3124 5038
364 371 400 426 bt
427 369 632 424 tsttttstott
663 369 784 424 nubiti
811 369 933 422 instet
963 365 1042 420 insu
1070 364 1218 417 ntttttstt.
1361 359 1407 410 ate

177 478 258 536 stetis
270 483 336 536 ante
351 493 434 550 reges
447 485 476 535 et
488 478 624 551 praesides
639 477 761 551 intrepi-

176 549 218 606 di.
233 551 312 608 Unde
326 552 531 620 Glnpsostomus
547 569 553 607 :
572 570 585 602 e
602 549 678 608 Sicut
693 550 764 606 mili·

174 626 219 678 tes
235 622 386 679 invasuros
401 623 515 692 multos,
527 637 610 679 nemo
625 621 693 678 sinit
709 621 764 678 eri-

176 709 209 749 re
226 694 315 750 donec
326 692 429 750 armati
451 693 525 763 sint3
542 693 582 750 sio
597 699 624 751 et
641 693 763 766 discipu·

176 763 221 820 los
236 772 302 821 ante
320 765 442 837 Spiritus
466 766 560 822 Sancti
584 767 762 834 descensum,

175 835 214 892 ad
238 837 403 893 condictum
418 836 515 907 egredi
536 853 591 894 non
613 836 762 909 permittit.

176 907 339 988 Conantem
357 923 413 963 non
425 907 537 965 Cbristo
553 913 706 980 praesente,
719 908 762 964 vel

176 982 274 1034 statim
290 995 324 1034 eo
339 979 513 1050 discedente,
526 978 649 1051 Spiritus
664 976 763 1038 venit?

177 1049 250 1116 Quia
261 1051 379 1107 decebat
392 1065 441 1106 eos
457 1051 520 1107 lieri
537 1049 654 1123 cupidos
667 1051 719 1122 rei,
735 1055 763 1107 et

176 1119 281 1177 deinde
298 1121 425 1194 recipere
440 1122 563 1194 gratiam
580 1139 587 1190 ;
604 1127 669 1179 tnnc
686 1121 762 1179 enirn

177 1192 269 1263 magis
293 1195 328 1248 ait
355 1195 443 1250 Deum
473 1193 621 1266 erigimur.
642 1209 704 1250 cnm
720 1194 763 1249 in·

178 1263 287 1320 cumbit
303 1265 471 1321 necessitas.
489 1264 563 1322 Dicit
577 1271 671 1322 antem
689 1283 696 1320 :
713 1269 764 1321 Do-

178 1351 228 1389 nec
240 1337 399 1392 induemini
413 1339 515 1392 uirtute
527 1353 561 1392 eor
572 1339 639 1402 olto,
654 1353 705 1394 noo
720 1353 765 1393 ex·

177 1408 422 1532 fressitnqnando,
442 1415 471 1464 nt
490 1409 546 1464 sint
561 1407 669 1490 jugiter
691 1407 764 1480 vigi·

190 1493 231 1534 es.
247 1479 318 1545 Qnrd
337 1479 424 1551 igitur
440 1479 562 1548 miraris,
579 1495 602 1536 si
622 1479 697 1536 diem
710 1496 763 1536 no-

177 1548 326 1631 vissimum
339 1567 395 1606 non
411 1551 521 1624 pandit,
536 1551 583 1607 ubi
598 1550 673 1607 diem
690 1552 765 1607 bnnc

176 1634 335 1691 proximum
348 1639 400 1678 nec
415 1622 539 1695 pandere
552 1621 661 1678 voluit?
678 1642 691 1673 o
704 1623 764 1678 haec

178 1691 395 1762 chrysostomus.
405 1693 486 1750 Licet
496 1710 564 1765 ergo
576 1692 704 1751 Christus
717 1694 764 1750 de·

180 1763 268 1819 disset
287 1764 433 1837 discipulis
454 1766 663 1838 scripturarum
679 1763 764 1821 intel·

177 1832 294 1916 lectum,
314 1841 342 1892 et
352 1836 540 1893 commisisset
555 1835 764 1908 praedicationis

178 1905 315 1976 osticium,
329 1913 424 1964 tamen
437 1907 545 1965 distulit
554 1908 763 1964 exsecutionem

176 1977 364 2048 praedicandi,
380 1980 520 2052 usquead
535 1977 656 2052 Spiritus
668 1978 762 2036 Sancti

177 2048 371 2132 receptionem
400 2051 429 2107 in
462 2051 544 2180 signo
572 2050 686 2120 visibili,
712 2066 764 2122 per

177 2119 231 2176 boc
256 2135 417 2192 insinuans,
433 2139 488 2194 quo
547 2121 685 2180 raedicans
699 2129 764 2178 actu

178 2138 763 2319 Krinsdebetbaberesuitleientemsacrae

198 2267 331 2335 crrptnrae
351 2265 496 2333 notitiam,
513 2271 541 2322 et
555 2265 677 2339 gratiam
700 2264 763 2337 Spi-

177 2335 249 2390 ritus
267 2335 361 2392 Sancti
377 2352 428 2409 per
440 2337 644 2409 conjecturam,
656 2335 764 2393 scilieet

180 2406 256 2476 qnod
273 2410 378 2488 nonsit
392 2408 580 2466 consciussibi
596 2409 632 2465 de
643 2414 763 2492 peccato

178 2476 302 2560 mortali:
318 2479 428 2536 Debent
443 2479 546 2607 qnippe
562 2482 763 2554 predicatores

177 2549 277 2630 sedere
294 2565 324 2605 m
338 2551 484 2621 civitate‚i
520 2559 564 2608 est
583 2553 610 2608 in
628 2553 761 2620 clanstro,

178 2619 225 2676 ubr
240 2620 326 2702 debet
340 2637 402 2678 esse
417 2622 521 2680 civium
535 2623 641 2692 unitas,
657 2639 761 2678 vacan-

176 2689 213 2748 do
228 2691 267 2747 ibt
282 2693 376 2750 stndio
391 2698 419 2750 et
429 2693 670 2767 contemplationi,
681 2699 711 2750 nt
723 2693 761 2752 ibi

176 2761 320 2834 hauriant,
337 2765 414 2836 qnod
432 2769 612 2838 postmodnm
632 2765 662 2821 in
682 2780 761 2836 prae-

177 2831 321 2920 dicatione
345 2835 409 2893 aliis
435 2837 592 2894 ellnndant.
620 2837 698 2893 Unde
721 2835 762 2893 ait

175 2905 357 2976 literonymus
374 2926 380 2966 :
399 2907 472 2964 Nihil
488 2907 570 2965 nobis
590 2913 698 2964 rectum
717 2907 761 2963 vi-

175 2977 276 3033 deatur
291 2977 345 3034 nisi
372 2979 450 3051 qnod
476 2979 670 3046 discipinam
696 2984 761 3050 pust

175 3047 295 3130 multum
318 3049 462 3107 silentium
490 3051 526 3108 de
540 3049 686 3122 discipulis
699 3067 759 3108 ma-

175 3123 257 3245 gistri
293 3120 466 3190 elllciamnr;
497 3123 632 3179 docemus
665 3128 758 3178 autem

196 3191 345 3248 ominesin
356 3193 492 3262 ecclesiis,
507 3194 582 3265 qnod
597 3193 758 3250 nescimus:

175 3276 274 3344 omnes
287 3263 442 3323 aliasartes
452 3266 561 3337 absque
571 3265 687 3322 doctore
702 3281 760 3321 non

174 3332 330 3405 discrmns3
347 3337 408 3393 sola
422 3337 483 3394 baec
497 3341 556 3393 tam
572 3335 635 3393 ritis
653 3342 681 3394 et
700 3341 759 3394 tam

175 3403 266 3461 tacitis
281 3411 333 3472 est,
347 3413 380 3464 ut
414 3413 569 3481 receptore
587 3410 629 3464 vel
643 3408 759 3466 doctore

174 3491 233 3532 non
244 3483 335 3550 egeat.
351 3497 365 3532 o
403 3479 562 3548 ndeetiam,
575 3481 651 3536 nteit
661 3480 759 3549 orere-

173 3549 233 3603 rr'us
249 3567 279 3606 :n
296 3551 455 3607 Notandum
469 3555 523 3618 est,
534 3549 603 3622 qnia
615 3557 760 3624 snntqnos

174 3619 759 3766 trecentena{reice

453 3735 460 3762 ‚
746 3725 757 3735 .

173 3761 243 3818 tatio
265 3762 403 3835 impellit3
420 3764 468 3836 qni
492 3764 665 3820 admonendi
681 3770 758 3835 sunt,

173 3847 209 3914 ne
224 3833 291 3916 dnm
304 3833 356 3892 sibi
377 3835 448 3892 tanti
465 3851 536 3892 onns
554 3835 641 3892 olllcii
658 3838 758 3906 praeci-

173 3909 312 3986 prtatrune
327 3913 471 3978 arrogant,
489 3906 562 3963 riam
583 3905 637 3962 sibi
657 3909 757 3966 subse-

173 3983 288 4046 quentis
316 3977 381 4034 vitae
413 3977 540 4034 melioris
577 3978 755 4037 abscindant.

172 4046 351 4126 admonendi
371 4055 437 4105 sunt
450 4052 536 4106 etiam
550 4050 626 4121 qnod
636 4049 757 4122 ipsave-

172 4123 253 4188 rrtas,
270 4135 334 4190 qnae
349 4130 465 4192 repente
485 4136 557 4192 quos
571 4123 656 4178 vellet
671 4123 755 4178 robo-

172 4203 237 4270 rare
256 4190 400 4261 potuisset,
415 4199 446 4248 nt
459 4191 618 4264 exemplum
628 4209 757 4266 sequen-

172 4259 249 4317 trbus
264 4261 354 4326 daret,
373 4278 408 4319 ne
425 4262 582 4332 imperfecti
603 4267 757 4336 praedicare

819 477 902 550 pulos
916 476 950 534 de
960 474 1064 533 virtute
1075 469 1286 544 predicationis
1300 469 1403 528 instru-

819 549 868 619 xit,
885 547 959 605 illico
973 546 1103 620 adjungit
1120 563 1127 601 ι
1147 547 1201 602 Vos
1217 549 1308 599 nutem
1324 539 1401 597 sede·

819 627 845 678 te
863 625 892 676 in
911 623 1033 689 ciuitate,
1048 618 1226 689 quoadusque
1245 614 1403 670 induamini

819 697 920 748 uirtute
935 709 969 748 eo
984 694 1051 747 otto.
1069 693 1099 747 ln
1118 686 1228 744 civitate
1244 688 1347 758 quippe
1361 700 1404 740 se·

819 764 929 831 demus,
944 765 966 820 si
984 763 1060 819 intra
1076 761 1215 817 mentium
1237 763 1400 814 nostrarum

819 852 871 892 nos
895 835 1018 892 claustra
1040 829 1270 904 constringimus,
1296 845 1333 885 ne
1362 829 1401 884 lo

819 906 931 979 qnando
950 904 1073 963 exterius
1095 917 1259 974 evagemur,
1278 905 1311 957 ut
1335 913 1399 956 cum

820 978 921 1035 virtute
948 976 1045 1034 divina
1076 976 1200 1049 perlecte
1243 970 1401 1040 induimur,

819 1055 886 1106 tnnc
914 1049 993 1122 qnasi
1026 1064 1044 1105 a
1079 1042 1288 1116 nobismetipsis
1323 1044 1400 1100 loras

819 1121 904 1178 etiam
919 1121 992 1178 alius
1012 1121 1184 1176 instruentes
1206 1130 1363 1174 exeamus:
1386 1134 1399 1164 n

821 1194 882 1249 lraec
896 1193 1053 1262 Greporius.

854 1266 1050 1322 tilloucuurun
1076 1279 1207 1318 arsamum
1230 1277 1265 1318 no
1293 1275 1402 1315 norrsn

819 1337 942 1394 Omvsrr.
960 1367 994 1378 -
1010 1334 1167 1393 Comeduut
1182 1331 1269 1404 igitur
1287 1335 1315 1386 et
1329 1347 1402 1400 gan·

818 1408 887 1464 dent
912 1406 1054 1479 discipuli,
1079 1413 1196 1478 propter
1218 1401 1400 1476 presentiam

819 1478 930 1535 Domini
951 1495 1005 1546 sni,
1021 1477 1070 1534 sed
1087 1473 1269 1532 nibilominus
1285 1479 1401 1545 propter

818 1551 974 1606 discessum
989 1547 1094 1605 turbati
1116 1551 1189 1603 sunt.
1214 1547 1303 1602 Tanta
1325 1543 1400 1600 enim

818 1621 924 1678 amoris
941 1619 1130 1677 teneritudine
1153 1633 1216 1674 enm
1233 1616 1400 1688 diligebant,

819 1691 995 1765 quodetiam
1026 1693 1111 1748 verba
1138 1686 1319 1745 discessionis
1342 1703 1400 1744 snae

818 1781 900 1837 aequo
922 1765 1016 1821 animo
1033 1761 1173 1820 sustinere
1188 1776 1244 1816 uon
1257 1763 1399 1830 poterant.

818 1837 943 1908 Cumque
958 1835 1156 1902 comedissent,
1172 1832 1329 1888 aduaticos
1344 1845 1402 1887 om·

819 1923 881 1976 nes,
899 1909 985 1964 verbo
999 1905 1116 1968 scilicet,
1133 1920 1190 1960 non
1203 1918 1301 1971 mann,
1311 1904 1400 1972 sores,

818 1977 847 2034 id
863 1983 906 2036 est
921 1984 999 2036 extra
1018 1977 1172 2046 civitatem,
1185 1979 1215 2030 tu
1227 1976 1401 2044 Betlioniom,

817 2049 847 2106 id
867 2055 910 2108 est
924 2066 1022 2107 versus
1039 2047 1217 2110 bethaniam.
1234 2045 1300 2117 qnia
1320 2060 1402 2102 mons

818 2121 930 2192 Oliveti,
946 2121 981 2178 ad
996 2137 1079 2193 quem
1092 2119 1230 2182 exierunt,
1252 2121 1295 2173 est
1313 2117 1342 2172 in
1356 2115 1403 2173 via

817 2209 915 2250 versus
935 2191 1122 2258 Bethaniam;
1153 2195 1181 2247 et
1207 2187 1346 2246 Detbania
1370 2186 1401 2244 in

818 2264 907 2322 latere
919 2264 1024 2321 montis
1039 2261 1140 2321 Oliveti
1154 2266 1197 2318 est
1214 2259 1277 2318 sita.
1293 2259 1402 2316 Eduxit

819 2352 862 2392 eos
875 2339 963 2406 roras,
979 2342 1009 2393 nt
1019 2335 1149 2392 viderent
1164 2347 1229 2389 eum
1245 2330 1400 2388 ascenden·

817 2412 885 2477 tem,
901 2425 949 2476 per
962 2409 1016 2464 boc
1031 2405 1189 2472 insinuans,
1209 2405 1285 2476 qnod
1302 2401 1402 2458 civitas

817 2479 993 2537 tumultuosa
1020 2495 1078 2535 non
1105 2485 1149 2534 est
1171 2475 1250 2532 loeus
1267 2479 1349 2546 aptus
1364 2472 1401 2530 ad

817 2550 979 2609 divinorum
1009 2547 1290 2621 contemplationem.
1321 2547 1401 2602 Prius

817 2624 916 2679 ednnit
930 2639 974 2679 eos
996 2625 1076 2690 tores
1092 2626 1173 2678 entra
1199 2617 1353 2686 civitatem,
1371 2622 1401 2674 ut

817 2695 992 2766 signiticaret
1008 2709 1065 2750 non
1082 2693 1188 2748 babere
1207 2707 1260 2747 nos
1276 2689 1322 2745 hic
1337 2704 1401 2745 ma·

815 2771 930 2822 nentem
950 2765 1108 2831 civitatem;
1129 2761 1232 2818 deinde
1253 2765 1283 2816 in
1304 2764 1400 2816 lietto-

815 2841 902 2904 ru'um,
918 2852 981 2907 quae
1005 2837 1208 2906 interpretatur
1222 2833 1318 2887 domus
1337 2833 1400 2886 ube·

815 2908 926 2964 dientia
942 2923 949 2964 ε
964 2911 994 2962 nt
1007 2909 1053 2988 qni
1066 2921 1098 2960 er
1107 2901 1268 2961 obedientia
1280 2903 1399 2958 descen·

815 2978 866 3049 dit,
883 2983 912 3034 et
922 2977 1088 3034 humiliatus
1102 2985 1146 3032 est
1165 2973 1303 3045 usquead
1320 2989 1401 3030 nior-

814 3055 883 3119 tem,
893 3051 1061 3107 ostendatur
1073 3063 1106 3104 ex
1118 3045 1218 3102 merito
1229 3043 1399 3101 obedientiae

815 3123 985 3188 ascendisse,
1000 3125 1028 3176 et
1040 3116 1157 3176 exaltari
1168 3117 1199 3173 in
1210 3117 1324 3184 coelum,
1335 3116 1398 3188 jux-

814 3199 844 3250 ta
858 3191 927 3249 illnd
944 3190 1071 3265 Apostoli
1091 3209 1097 3246 :
1116 3191 1285 3246 Humiliuoit
1301 3192 1399 3244 senet·

813 3267 916 3336 ipsum,
930 3266 1023 3332 suetus
1040 3262 1167 3318 obediens
1182 3257 1318 3330 usquead
1330 3275 1399 3314 mer·

814 3341 915 3404 tem...,
928 3333 1128 3407 propterquod
1140 3338 1165 3388 et
1177 3335 1248 3388 Deus
1262 3331 1399 3386 exultauit

813 3409 910 3478 itlum;
925 3412 954 3465 et
977 3409 1007 3463 ut
1027 3403 1120 3478 signet
1151 3418 1202 3475 per
1227 3400 1398 3458 obedientia

814 3495 901 3552 opera
921 3494 970 3536 eos
985 3475 1155 3534 transituros
1170 3474 1207 3532 ad
1220 3472 1355 3542 coelestia,
1370 3484 1398 3528 et

813 3553 888 3623 qnod
904 3566 961 3607 non
976 3555 1019 3608 est
1034 3562 1166 3606 ascensus
1179 3545 1208 3602 in
1222 3543 1336 3613 coelnm,
1354 3543 1398 3602 ni-

813 3623 837 3679 si
853 3638 904 3695 per
919 3621 1088 3680 obedientie
1103 3617 1252 3686 meritum,
1269 3615 1341 3674 sicut
1354 3632 1397 3673 er·

813 3711 848 3766 go
864 3691 1058 3750 inobedientia
1074 3688 1218 3746 bominem
1231 3691 1265 3744 de
1280 3685 1397 3760 paradi-

813 3782 844 3822 so
864 3764 957 3836 eiecit,
978 3762 1018 3820 sic
1043 3759 1207 3819 obedientia
1228 3758 1394 3816 introducit.

813 3837 896 3904 ltem,
911 3834 1067 3892 secundnm
1083 3833 1195 3900 nedem,
1211 3829 1349 3888 Dominus
1364 3846 1397 3886 e-

812 3909 951 3964 dueiteos
965 3906 1177 3968 inDetbontum,
1205 3906 1397 3975 roptersitnm

812 3979 939 4051 ejusdem
956 3977 1040 4045 villae,
1059 3991 1122 4048 qnae
1142 3977 1170 4031 in
1186 3920 1274 4031 latere
1289 3971 1394 4030 montis

813 4051 957 4108 Olivarnm
982 4047 1073 4120 posita
1096 4052 1149 4116 est,
1174 4045 1240 4118 qnia
1267 4044 1397 4100 uidelicet

813 4120 972 4179 obedientis
988 4119 1121 4176 Ecclesiae
1137 4117 1249 4179 domus.
1266 4117 1295 4171 in
1311 4114 1398 4185 ipsius

813 4191 914 4250 summi
932 4191 1045 4260 montis,
1068 4191 1098 4247 id
1120 4197 1164 4246 est
1179 4186 1281 4246 Christi
1295 4185 1395 4254 latere,

813 4265 890 4334 srdei,
906 4263 976 4335 spei,
991 4261 1217 4332 dilectionisque,
1234 4272 1285 4314 sna
1298 4254 1395 4313 lunda·

172 4340 388 4408 presumerent,
407 4343 558 4408 postqnam
575 4337 657 4408 plene
673 4335 756 4394 disci·
786 4319 790 4414 i
814 4345 910 4396 menta
925 4335 1038 4393 locavit.
1051 4335 1204 4404 Postquam
1219 4343 1288 4400 ergo
1300 4329 1396 4383 eost'o·
