3104 5034
200 434 245 488 tel
515 435 671 490 SECUNDAE
698 433 817 489 lintis
845 431 947 486 CAPUT
976 427 1114 482 lxxxii

165 579 171 590 ·
199 539 243 598 nis
268 537 516 600 intercessionibus
537 557 590 600 nos
616 541 783 602 committa·
840 539 894 597 lius
906 541 973 596 tuus
987 535 1042 594 erit
1057 534 1094 594 ed
1108 527 1419 612 concedendumquid·

199 627 271 670 mus.
292 613 396 671 Omnes
426 613 583 685 patrocinia
609 613 688 672 omni
717 613 783 671 nisu
840 610 909 684 quid
928 609 1017 678 voles,
1031 611 1181 690 promptus
1195 607 1227 662 et
1250 600 1418 685 exaudibilis.

200 683 384 756 imploremus
412 701 419 742 c
449 687 563 743 utilum
590 702 642 744 nos
662 684 783 759 supplici
841 680 1049 741 Tantummodo
1081 685 1179 750 itaque
1208 675 1286 732 velis
1312 671 1418 753 salutem

200 771 262 811 cam
276 756 411 828 obsequio
424 757 638 828 frequentemus
648 757 677 815 in
688 756 784 826 terris,
841 761 979 823 uestram,
1003 757 1033 809 et
1055 767 1121 808 vere
1148 760 1336 818 nequaquam
1360 742 1420 798 salu

201 825 330 898 ipsanos
359 827 457 884 sedula
479 845 562 900 prece
582 831 786 886 commendare
841 842 902 884 esse
918 841 976 882 non
998 821 1164 897 poterimus.
1179 819 1254 888 Quid
1269 813 1421 887 ergoslrin·
1505 835 1506 848 ¹

202 898 334 970 dignetur
346 899 374 954 in
391 898 478 956 coelis.
492 901 588 971 Neque
604 900 681 957 enim
697 899 786 957 dubi·
841 913 891 970 ges
916 897 1006 968 larga
1028 897 1137 950 viscera
1159 887 1422 948 misericordiaelua

202 969 320 1025 tondum
334 974 377 1026 est
391 985 465 1030 eam.
481 987 544 1042 qiiae
562 971 665 1030 meruit
682 988 733 1042 pro
753 971 787 1027 li·
842 974 941 1026 contra
962 955 1422 1034 nos,l)0mine,utnolissaliaii
1506 999 1507 1008 ,

203 1040 335 1121 becendis
346 1043 473 1122 prolerre
484 1041 713 1124 pretiumposse
725 1044 788 1112 plus
842 1039 913 1122 nos‘l
940 1040 1023 1121 Certe
1050 1039 1252 1120 Deusunostcr,
1270 1028 1424 1090 testel’sal·

203 1114 457 1170 Sanctisomnilius
472 1114 600 1170 liberatis
623 1114 788 1186 impendere
843 1119 938 1180 mista,
962 1109 1159 1168 misericordia
1181 1109 1288 1162 nostra
1314 1107 1375 1168 est;
1402 1104 1425 1154 lu

204 1181 380 1240 sulirauium.
407 1185 461 1240 Seil
484 1184 553 1256 quid
578 1186 659 1240 nobis
674 1185 789 1254 prodest
844 1183 972 1254 ejusdem
993 1181 1042 1238 Dei
1070 1177 1172 1248 nostri,
1201 1177 1315 1247 absque
1341 1171 1425 1236 dubio,
1507 1174 1508 1230 l

205 1255 278 1310 lianc
293 1252 473 1324 interpellare
492 1256 618 1324 vocibus,
636 1255 690 1312 nisi
702 1262 788 1313 etiain
844 1271 913 1312 vera
928 1257 1017 1310 llatcr
1030 1269 1071 1309 ns.
1088 1250 1117 1308 Si
1132 1255 1161 1306 tu
1174 1265 1246 1331 ergo
1261 1261 1328 1318 qum
1342 1243 1426 1308 debes

205 1323 373 1380 humilitatis
389 1326 451 1397 ojus
475 1327 603 1410 exempla
621 1327 790 1384 teneamus?
846 1333 874 1382 et
890 1341 989 1384 revera
1004 1321 1207 1380 misericordie
1227 1322 1333 1383 tlaler,
1352 1315 1425 1372 dene·

207 1397 345 1454 Curemus
368 1411 446 1468 ergo,
472 1397 649 1455 dilectissimi
676 1399 790 1468 iratres,
846 1395 1143 1482 qasnoliiseliectum
1157 1387 1426 1454 misericordiae,cu·
1508 1431 1509 1464 ,

207 1473 238 1524 ul
250 1483 313 1524 cum
325 1469 409 1540 hujus
418 1469 474 1526 diei
488 1468 634 1527 festivitati
652 1471 791 1526 interesse
843 1485 891 1542 Jus
908 1473 967 1524 tam
986 1465 1157 1524 mirabiliter
1179 1465 1257 1520 lacta
1279 1460 1425 1543 esullalen

207 1538 347 1611 cupimus,
361 1543 534 1598 vestimentis
555 1541 722 1598 humilitatis
747 1547 792 1598 al·
849 1540 916 1614 quid
941 1538 1076 1596 iaciemus
1095 1534 1253 1593 cumidem
1273 1533 1362 1590 Filius
1375 1537 1427 1584 tuus

207 1626 262 1684 que
275 1611 401 1668 caritatis
415 1612 508 1669 induti
529 1615 793 1740 appareamusNus
849 1612 1008 1678 advenerit,
1025 1616 1142 1666 cunctos
1161 1621 1244 1676 aequo
1263 1602 1374 1677 judicio
1386 1602 1428 1668 ju·
1509 1618 1510 1626 ¹

208 1697 268 1738 non
283 1681 390 1740 invidia
405 1683 505 1740 alienae
521 1685 547 1740 le
560 1685 663 1741 icitatis
677 1692 793 1812 torque·
849 1683 1018 1764 dicatupus?
1031 1681 1175 1750 Siquidem
1191 1677 1259 1734 licet
1274 1679 1337 1748 lpse
1356 1671 1427 1768 Filius

209 1753 486 1896 ἓίῑὲῑΝῗἿῐὲἐνὲυιὲἮυε
498 1755 534 1812 ad
550 1756 716 1813 divisionem
748 1756 795 1812 ila·
850 1759 967 1811 inussit
991 1769 1044 1825 per
1065 1757 1093 1808 te
1105 1751 1196 1808 lactus
1210 1750 1305 1806 irater
1327 1747 1428 1809 noster,

211 1895 339 1952 excludat
361 1897 421 1952 Non
435 1897 521 1952 scciili
537 1914 588 1954 uos
601 1898 717 1956 tristitia
732 1915 796 1955 exu-
852 1915 910 1954 suae
925 1896 1056 1952 videlicet
1074 1894 1248 1950 dulcissimis
1266 1889 1368 1948 matris
1379 1899 1427 1941 uis·

213 1971 269 2028 rat:
289 1983 346 2022 non
359 1967 534 2040 prosperitas
550 1971 611 2042 ejus
624 1969 735 2026 incaute
749 1970 796 2026 de·

211 2037 305 2108 cipial.
323 2040 383 2095 Non
395 2039 504 2098 luxuria
516 2057 567 2097 nos
579 2043 722 2114 inquinct;
739 2057 796 2098 non

213 2110 391 2168 immunditia
414 2111 531 2183 polluat.
553 2115 612 2170 Non
628 2113 712 2170 elatio
727 2129 796 2169 coc-

212 2189 342 2254 rumpat;
356 2199 414 2238 nnn
425 2184 557 2256 superbia
572 2186 651 2241 inllet
664 2203 670 2240 :
683 2190 721 2255 iit,
732 2199 797 2241 cuni

215 2269 267 2310 nos
287 2253 439 2311 virtutibus
453 2261 579 2324 ornatos,
597 2257 713 2312 caritate
729 2272 797 2312 con·

214 2327 335 2398 junctos,
361 2325 520 2383 humililate
547 2327 688 2396 lunilalos,
715 2328 798 2384 beata

214 2396 263 2454 Dei
279 2396 399 2466 genitrix
415 2398 501 2453 llnria
520 2415 577 2455 suae
592 2416 645 2457 nos
663 2403 798 2454 interesse

215 2466 360 2524 festivitati
371 2469 555 2538 perspexerit,
572 2470 719 2526 ardentius
734 2472 800 2527 sub·

216 2537 311 2594 venire
328 2539 410 2594 nobis
425 2539 536 2595 festinet
553 2541 628 2611 apud
643 2541 754 2606 Filium,
771 2545 800 2598 et

218 2607 370 2665 Doniiniim
403 2624 487 2665 suum
517 2612 613 2667 lesum
646 2611 797 2682 Chri-tum,

217 2682 306 2736 Deum
322 2677 497 2736 salvatorem
511 2686 649 2751 nostrum,
663 2684 799 2754 quicoce·

217 2749 263 2808 nis
279 2749 410 2821 perennis
425 2750 503 2822 regni
523 2752 660 2810 claritlcat
679 2755 799 2811 Sanctos

216 2837 293 2892 suos,
312 2827 340 2878 et
354 2829 397 2878 cst
415 2829 521 2880 aetcrna
537 2823 598 2880 laus
617 2829 645 2882 el
656 2830 798 2896 exspecta-

217 2894 257 2951 tio
272 2893 406 2952 omnibus
418 2895 514 2952 clectis
528 2895 606 2953 suis:
624 2917 638 2950 l)
656 2897 717 2954 haee
733 2899 799 2954 Au-

219 2969 357 3036 pustinus.
375 2967 454 3023 Unde
471 2973 499 3024 et
514 2969 660 3024 asselinus
676 2987 683 3026 t
701 2987 716 3022 c
737 2970 799 3026 Ro-

218 3053 320 3111 gamus
334 3053 403 3110 ergo
423 3045 460 3105 te,
487 3039 615 3109 Domina,
638 3056 687 3112 per
707 3040 799 3112 ipsam

218 3108 354 3180 graliam;
370 3108 437 3181 quia
448 3115 477 3166 te
492 3110 553 3178 pius
568 3116 596 3168 ct
618 3110 799 3185 omnipotens

220 3183 293 3237 Deus
319 3179 360 3235 sic
380 3181 521 3247 exaltavit,
539 3189 567 3238 et
590 3182 688 3239 omnia
707 3191 800 3239 tecum

218 3251 364 3336 possibilia
385 3252 511 3320 donavit,
525 3257 663 3325 quatenus
683 3253 711 3310 id
726 3255 801 3327 apud

218 3339 312 3398 ipsum
338 3323 421 3380 nobis
443 3323 583 3394 obtineas,
603 3331 635 3382 ut
655 3325 800 3398 plenitudo

220 3399 319 3468 gratiae
342 3411 428 3468 quani
458 3397 585 3453 mernisti
605 3395 632 3452 in
655 3396 738 3454 nobis
762 3399 802 3454 sic

220 3472 364 3538 operetur,
394 3465 471 3538 quod
508 3467 690 3550 participium
725 3469 801 3526 beati

223 3537 332 3610 praemii
362 3537 424 3610 ejus
462 3537 546 3594 nobis
579 3537 802 3596 misericorditer

221 3610 390 3682 quandoque
410 3608 541 3665 donetur.
567 3610 609 3666 ltd
624 3611 678 3666 hoc
699 3611 803 3683 quippe

221 3683 294 3737 Deus
310 3687 407 3738 noster
430 3697 481 3753 pcr
505 3686 533 3738 te
553 3681 642 3738 lactus
661 3697 691 3738 es
716 3682 804 3740 trater

222 3759 327 3815 noster,
345 3757 375 3808 ul
389 3752 695 3826 quemadmodumipse
707 3753 804 3826 iligna·

223 3827 266 3878 tus
283 3828 325 3878 est
337 3839 455 3880 consors
474 3825 536 3882 lieri
554 3829 658 3882 nosliae
671 3825 805 3882 humani·

221 3891 305 3960 tatis;
324 3892 363 3949 sie
384 3900 412 3950 el
430 3911 481 3950 nos
499 3913 660 3954 mereamur
680 3913 805 3954 consor-

223 3969 266 4020 lcs
277 3963 337 4019 lieri
348 3981 405 4022 sues
414 3964 580 4024 eirtniiaiis.
595 3969 713 4026 Intende
723 3985 761 4038 ev¹
775 3985 803 4042 ο,

223 4035 350 4109 piissima
364 4035 494 4104 Domina,
511 4043 540 4094 ut
566 4039 647 4096 nobis
670 4041 707 4097 ad
729 3985 804 4098 effe-

221 4113 297 4164 ctum
312 4107 470 4179 proveniat,
489 4113 699 4191 propterquod
729 4115 804 4170 [leus

223 4185 362 4237 nesteron
377 4183 426 4236 tuo
441 4180 598 4236 castissimo
614 4189 694 4240 utero
714 4185 804 4244 lactus

222 4252 308 4309 honio
324 4251 400 4308 inter
419 4249 548 4308 homines
564 4253 652 4309 venit.
673 4256 728 4312 Nec
753 4254 803 4324 sis,

220 4339 393 4397 quaesumus,
422 4328 539 4380 exoratu
570 4322 705 4394 diflicilis,
737 4325 804 4398 quia

220 4396 318 4466 procul
333 4395 419 4456 dubio
432 4395 508 4454 idem
526 4395 747 4470 benignissimus
762 4397 804 4456 si-

852 1969 896 2040 gis
911 1973 1070 2039 porrectam
1085 1966 1250 2032 adverterit,
1264 1963 1335 2020 illue
1346 1973 1427 2016 serva·

452 1826 635 1890 ilasnnobis
651 1825 795 1884 Christum
850 1826 948 1898 ulique
972 1829 1068 1881 tamen
1097 1821 1429 1880 ubivoluntatemluim
1510 1847 1511 1868 i

852 2045 881 2096 ta
898 2041 1041 2111 aequitalis
1061 2037 1182 2104 ratione,
1197 2053 1214 2092 a
1227 2051 1287 2107 qua
1303 2042 1330 2089 le
1349 2027 1427 2088 nulla·
1511 2062 1512 2076 i

852 2116 936 2168 tenvis
954 2113 1114 2182 discrepare
1130 2106 1335 2164 vellevidebil.
1343 2095 1426 2182 judicii

854 2183 897 2240 sui
908 2181 1200 2250 sententiam‚sivead
1213 2173 1428 2236 misericordiam

853 2253 1036 2322 inlleclendo,
1052 2253 1111 2309 sive
1132 2252 1168 2308 ad
1189 2250 1333 2323 justitiam
1348 2245 1427 2304 inien-
1512 2286 1513 2326 ,

854 2327 957 2388 dendo,
984 2323 1187 2398 promulgabit.
1216 2319 1342 2380 Subveni
1372 2328 1428 2384 crgo

854 2399 948 2466 nobis,
975 2398 1105 2460 Domina,
1131 2399 1159 2450 el
1179 2409 1238 2450 non
1258 2391 1428 2450 considerata

855 2473 1035 2541 peccatorum
1061 2471 1224 2523 nostrorum
1245 2459 1427 2524 multitudine
1513 2508 1514 2546 4

856 2541 927 2597 velle
943 2549 1020 2596 tuum
1034 2539 1070 2596 ad
1087 2537 1282 2595 miserendum
1300 2534 1380 2594 nobis
1393 2530 1429 2611 in·

855 2615 946 2669 llecle.
962 2611 1071 2683 Cogita,
1082 2627 1254 2682 quaesumus,
1266 2615 1298 2666 et
1315 2607 1427 2674 reccgllt

854 2683 929 2756 apud
954 2689 992 2752 le,
1017 2681 1160 2755 quianon
1182 2681 1218 2738 ad
1235 2678 1428 2752 damnandum,

855 2758 904 2812 secl
921 2755 957 2811 ad
971 2753 1137 2822 salvandum
1157 2757 1324 2824 peccatores
1338 2745 1428 2808 Condi·

855 2827 1108 2884 lornosterlactus
1120 2825 1272 2892 esthemo,
1285 2840 1321 2880 er
1335 2825 1372 2878 tc.
1382 2817 1429 2874 cur

855 2897 951 2969 itaque
971 2913 1029 2954 non
1049 2897 1160 2968 juvabis
1186 2912 1238 2952 nos
1262 2899 1427 2966 peccaturas,

855 2985 918 3040 quas
931 2969 959 3026 iu
975 2973 1083 3025 tantam
1098 2965 1298 3024 celsitudinem
1322 2981 1352 3022 es
1371 2975 1428 3032 pro·

874 3046 918 3097 ter
933 3056 983 3098 uos
998 3041 1119 3108 elevata,
1134 3044 1166 3096 ut
1181 3043 1208 3095 te
1222 3040 1372 3094 Dominam
1386 3033 1427 3088 ha-

855 3057 929 3176 Eeat
946 3117 974 3168 et
989 3117 1140 3167 veneretur
1156 3115 1215 3166 tola
1233 3109 1345 3182 pariter
1359 3117 1428 3163 cret-

854 3185 940 3240 tura‘l
953 3185 996 3239 An
1011 3181 1075 3239 idco
1092 3190 1188 3238 ulrum
1205 3190 1427 3260 pereamusflam·

854 3253 928 3328 plius
947 3270 1003 3310 non
1025 3254 1147 3321 curabis,
1166 3257 1232 3324 quia
1246 3251 1383 3326 quidquid
1398 3249 1429 3330 de

857 3325 939 3382 nobis
959 3325 1072 3381 miseris
1093 3325 1169 3381 ultra
1192 3324 1318 3394 eveniat,
1342 3323 1430 3397 glorie

856 3405 912 3454 tues
926 3397 1004 3453 nulla
1017 3399 1130 3467 jactura
1142 3396 1208 3452 inde
1227 3392 1394 3469 proveniat?
1404 3393 1430 3448 El

857 3470 911 3526 huc
935 3467 1050 3540 quidem
1076 3467 1207 3525 fortassis
1234 3467 1332 3540 aliquo
1359 3463 1429 3548 modo

857 3541 934 3598 bona
949 3541 1069 3597 llumlna
1083 3555 1191 3612 posses,
1204 3539 1228 3596 si
1241 3541 1344 3612 protui
1355 3538 1429 3594 solius

858 3611 1030 3668 exaltatione
1045 3616 1074 3668 el
1093 3610 1216 3669 utilitate
1235 3615 1326 3668 lllater
1340 3610 1386 3669 Dei
1399 3607 1430 3662 la-

858 3682 1031 3740 statuisses.
1049 3683 1104 3740 Sed
1119 3683 1216 3756 utique
1234 3680 1431 3762 Deus-quide

859 3753 966 3812 minem
992 3755 1144 3826 assumpsit
1159 3771 1192 3812 ex
1215 3760 1265 3812 tna
1285 3763 1430 3812 castissima

859 3842 954 3896 carne,
979 3826 1034 3883 hoc
1058 3827 1123 3884 lacit
1143 3843 1196 3900 pro
1215 3833 1266 3884 tua
1291 3830 1321 3886 el
1347 3833 1431 3884 noslrt

860 3897 1003 3955 communi
1025 3898 1129 3955 salute.
1159 3899 1187 3955 Sl
1213 3915 1282 3971 ergo
1313 3904 1356 3968 tu,
1378 3908 1430 3976 qne

858 3970 944 4041 plena
960 3970 1052 4027 salute
1071 3985 1102 4027 es
1118 3972 1216 4042 potita,
1233 3987 1290 4027 non
1307 3969 1429 4028 intendis.

858 4047 890 4098 ul
909 4041 1009 4098 eadem
1023 4041 1101 4098 salus
1125 4057 1177 4114 pro
1199 4043 1316 4100 modulo
1345 4045 1430 4100 nostro

859 4112 946 4170 etiam
969 4113 1005 4170 ad
1027 4129 1080 4170 nos
1094 4129 1187 4186 usque
1206 4113 1364 4186 pertingat;
1380 4113 1428 4186 jain

859 4189 973 4242 tuorum
988 4185 1133 4241 sullicicns
1148 4187 1372 4258 commodorum,
1383 4197 1429 4242 no·

859 4261 982 4313 strorum
997 4257 1145 4328 negligens
1155 4257 1429 4328 esscvideberis,qua

858 4343 910 4456 gro
926 4327 1012 4388 lolius
1024 4327 1123 4385 mundi
1143 4329 1300 4393 salvatione
1315 4323 1428 4386 meruisti

879 4399 920 4456 ori
946 4401 1035 4458 Mater
1053 4399 1201 4474 ditissimi,
1217 4417 1281 4459 cum
1295 4417 1349 4460 nos
1364 4403 1428 4476 poil-
