3104 5034
185 440 231 498 tto
490 441 646 498 SBGUXDAE
674 444 792 499 etittls
821 443 924 498 CAPUT
953 439 1110 498 LXXXIX.

734 657 865 719 ORATIO

221 831 243 890 0
257 833 326 888 lesu
344 828 465 898 Christo,
485 825 537 885 Fili
554 826 605 886 Dei
619 825 686 898 vivi,
706 843 759 956 Xm
772 827 816 885 his
829 833 859 886 ot
879 826 1020 898 omnibus,
1035 842 1099 901 quie
1114 826 1191 885 dete
1208 825 1255 896 nie
1270 827 1420 886 credimus

185 909 215 962 et
228 901 344 960 eredere
358 900 506 970 debemus,
522 897 574 958 tibi
589 901 695 972 gratias
722 901 775 958 ieet
786 899 928 974 indignes,
946 899 1115 967 nelei-imum
1133 904 1161 956 et
1177 915 1227 970 per
1246 915 1282 955 eo
1295 907 1326 955 te
1342 916 1420 974 sup-

186 973 297 1059 pliciter
322 987 480 1038 exommus,
496 977 527 1030 ut
551 970 588 1028 tei
611 987 675 1028 sum
691 989 725 1029 ex
767 977 827 1029 ante
845 971 973 1028 omnium
997 971 1168 1042 coelestium,
1184 970 1367 1028 terrestrium
1392 979 1421 1029 et

186 1046 361 1104 internorum
375 1043 434 1100 Deo
454 1041 532 1100 Petri
557 1059 573 1100 o
598 1059 670 1112 eras,
689 1045 718 1100 in
743 989 859 1116 Xignem
877 1043 991 1100 laudem
1013 1043 1154 1112 omnium,
1173 1042 1322 1114 inquibus
1337 1058 1420 1102 sum-

186 1131 263 1176 mem
281 1113 447 1172 Trinitatem
461 1113 633 1172 laudabilem
648 1130 713 1172 neon
736 1114 844 1185 noscis;
860 1119 889 1172 et
905 1113 935 1172 in
955 1115 1066 1185 plenam
1088 1115 1247 1188 gratiarum
1267 1116 1416 1172 actionem

185 1203 238 1262 pro
255 1185 381 1260 quolibet
393 1185 532 1244 beneflcio
545 1201 562 1242 a
577 1185 695 1314 sinffiulis
710 1131 837 1244 ‹Xebitam
850 1187 1004 1255 creaturis;
1019 1191 1105 1258 etque
1119 1185 1150 1242 in
1164 1201 1262 1242 venam
1279 1188 1417 1244 emende-

186 1259 294 1318 tionem
308 1255 435 1315 omnium
451 1257 591 1314 malorum
608 1273 626 1314 a
658 1255 771 1329 origine
787 1257 884 1315 mundi
901 1259 1129 1324 commissorum,
1143 1264 1173 1313 et
1190 1256 1417 1316 insufficientem

185 1327 409 1403 persolutionem
430 1329 558 1385 omnium
583 1328 723 1385 bonorum
744 1345 880 1402 umquem
904 1329 1085 1394 omissorum,
1101 1333 1131 1386 et
1152 1328 1183 1385 in
1202 1329 1417 1400 suppletionem

185 1416 298 1476 qunque
311 1399 406 1458 meriti
420 1401 548 1456 omnium
562 1398 791 1458 beatificatorum
809 1407 839 1458 et
862 1403 962 1474 gratim
985 1399 1114 1460 omnium
1125 1397 1355 1473 justificatorum
1381 1417 1417 1459 oe

184 1470 391 1532 emendationis
420 1473 549 1530 omnium
574 1477 766 1544 peccatorum.
792 1471 990 1546 refrigeriique
1017 1473 1148 1531 omnium
1165 1471 1413 1544 purgandorum

183 1561 297 1676 fiennon
317 1542 348 1603 in
373 1543 576 1603 relevationem
599 1542 691 1603 omnio
711 1543 877 1618 indigentie
900 1543 1027 1618 eorporis
1045 1549 1076 1603 ot
1099 1545 1202 1602 animm
1217 1541 1417 1618 singulorum.

209 1633 286 1678 men.

350 2849 421 2890 tltttr
440 2847 559 2890 excundo
578 2849 610 2888 n
629 2848 729 2891 uultu
747 2850 814 2892 edes
831 2851 914 2894 dutus
933 2849 1004 2892 mm
1023 2851 1091 2892 vlu
1108 2851 1222 2893 OEttlsrt.
