3124 5038
191 392 237 445 i88
533 385 688 440 SECUNDAE
716 384 831 439 Ptntts
858 381 963 436 catut
993 381 1077 437 txxt

194 496 311 556 Galilaea
339 509 462 567 namquo
488 492 706 564 interpretatur,
733 492 778 548 vel

192 572 414 639 trunsmlprotio,
431 565 474 623 rel
489 567 632 621 revelatio.
651 567 682 621 ln
701 563 777 621 nati-

194 644 248 700 laea
261 659 339 710 vero,
353 641 507 696 secundum
523 639 780 707 tronsmiprotionls

194 709 672 788 significationem,intelligendum
684 725 781 766 occur-

195 789 244 858 rit,
260 788 327 857 quia
347 785 382 840 de
407 782 512 856 populo
533 782 621 840 lsrael
641 780 779 838 transmi-

194 861 303 933 graturi
326 862 410 913 erant
434 855 470 912 ad
493 854 608 925 Gentes,
623 870 687 926 quae
704 855 779 926 Apo-

196 930 277 988 stolis
296 925 518 1001 praedicantibus
533 943 592 983 non
617 926 779 995 crederent,

196 1001 252 1061 nisi
267 1001 328 1070 ipse
342 999 479 1057 Dominus
493 997 535 1054 eis
550 997 625 1055 viam
640 997 670 1056 in
687 997 779 1056 cordi-

195 1076 249 1134 bus
265 1071 411 1130 hominurn
436 1074 615 1143 preveniens
632 1086 779 1143 praepara-

197 1151 250 1205 ret.
265 1147 298 1201 Et
324 1145 378 1200 hoc
394 1143 574 1215 intelligitur,
622 1145 721 1199 enodet
733 1158 781 1199 uos

197 1221 226 1275 in
242 1218 386 1274 Golilaenm
413 1216 455 1271 ibi
468 1217 683 1279 cumulabitis,
696 1215 723 1271 id
738 1219 781 1272 est

199 1288 239 1347 ibi
260 1293 390 1346 membra
408 1289 537 1370 corporis
553 1287 624 1360 ejus,
640 1287 717 1360 quod
738 1291 782 1343 cst

113 1359 115 1363 ’
197 1360 334 1432 Ecclesia,
350 1363 379 1416 in
398 1358 443 1416 his
458 1375 506 1431 qur
526 1375 575 1415 ros
590 1359 779 1432 susceperint,

199 1431 359 1490 invenietis.
390 1431 551 1490 Secundum
577 1431 647 1487 illud
673 1439 779 1500 autem,

198 1507 274 1579 quod
289 1504 407 1562 Dalilae
422 1504 779 1577 interpretaturreuetott'o,

199 1594 256 1636 non
269 1577 463 1650 jaminlorma
477 1575 551 1633 servi
562 1575 780 1648 intelligendam

200 1657 262 1719 cst;
278 1653 326 1706 sed
352 1648 381 1705 in
406 1649 455 1706 illa
474 1648 504 1704 in
529 1665 585 1720 qua
605 1649 724 1719 aequalrs
739 1653 782 1704 est

200 1721 297 1790 Patri,
325 1736 410 1790 uuam
436 1721 568 1794 promisit
596 1719 782 1778 dilectoribus

199 1795 268 1863 suis,
285 1797 314 1848 et
327 1791 394 1850 illuc
411 1808 464 1848 nos
484 1793 640 1864 praecessit,
657 1793 732 1850 unde
745 1792 781 1850 ad

200 1882 253 1924 uos
264 1863 383 1921 veniens
398 1880 456 1920 non
471 1864 597 1934 recessit,
618 1874 647 1921 et
661 1881 717 1937 quo
732 1881 783 1922 nos

198 1937 364 2011 praecedens
380 1953 438 1994 non
454 1936 591 1995 deseruit.
608 1937 660 1994 Illa
674 1937 728 1994 erit
740 1954 783 1994 re·

197 2009 302 2068 velatio
317 2015 463 2082 mmqunm
489 2025 557 2067 vera
571 2009 700 2078 Galilaea,
718 2027 782 2068 cum

156 2147 159 2154 ,
199 2083 309 2140 similes
323 2082 349 2139 ei
363 2081 479 2150 erimus,
490 2081 528 2138 ibi
543 2099 607 2139 eum
623 2081 782 2140 claruimus

198 2155 279 2212 sicuti
304 2161 357 2212 est.
388 2157 452 2225 ipsa
475 2154 561 2212 etiam
590 2153 646 2211 erit
671 2153 783 2212 beatior

198 2226 415 2298 transmigratio
430 2243 464 2284 ex
478 2226 534 2284 isto
547 2226 642 2284 seculo
658 2229 687 2283 in
703 2227 782 2284 illam

199 2299 401 2368 aetcruitntem,
431 2297 455 2356 si
484 2301 545 2370 ejus
573 2308 718 2372 praerepta
741 2298 782 2354 sio

198 2371 419 2444 amplectamur,
445 2377 475 2425 ut
497 2371 534 2426 ad
555 2373 616 2440 ejus
636 2371 781 2428 dexteram

198 2441 344 2514 segregari
366 2457 540 2498 mereamur.
557 2443 601 2511 Et,
626 2441 781 2500 secundum

198 2515 371 2589 (importum,
388 2511 455 2584 quia
467 2512 584 2570 Galilaea
598 2517 781 2582 transmr'prn-

198 2589 237 2643 lt'o
250 2591 347 2641 sancto
364 2587 579 2656 interpretatur,
596 2592 672 2641 recte
686 2585 714 2641 in
731 2586 784 2644 Ga·

197 2658 271 2714 lilaea
286 2654 426 2714 Dominus
449 2655 589 2712 ridendus
608 2656 781 2714 nuntiatur:

197 2729 267 2799 sive,
281 2727 348 2800 quia
362 2727 421 2796 ipse
436 2727 471 2784 de
492 2727 676 2797 corruptione
689 2729 718 2786 in
733 2729 783 2786 in-

199 2800 424 2874 corruptionem,
443 2799 479 2858 de
493 2799 668 2858 mortalitate
681 2801 717 2858 ad
732 2800 784 2858 im·

197 2872 401 2931 mortalitatem
422 2872 551 2942 transiit;
572 2872 641 2943 sire,
658 2873 724 2945 quia
741 2873 783 2931 itti

198 2946 236 3002 ad
248 2945 371 3017 speciem
382 2946 444 3018 ejus
455 2946 704 3014 contemplandam
717 2963 782 3019 per·

197 3017 296 3074 venire
313 3020 509 3087 merebuntur,
523 3017 572 3090 qui
587 3035 613 3074 m
628 3019 670 3075 do
688 3025 782 3076 trans-

199 3088 324 3162 migrant
338 3089 374 3146 de
398 3089 474 3146 vitris
498 3091 535 3147 ad
556 3092 687 3161 virtutes,
703 3093 737 3148 de
752 3107 782 3148 a·

198 3177 277 3220 more
298 3161 397 3220 muudi
412 3164 447 3219 ad
463 3179 591 3220 amorem
612 3163 672 3228 Dei,
689 3163 783 3222 decli-

196 3240 329 3293 nantess
351 3236 435 3304 main,
451 3240 480 3292 et
503 3233 643 3292 iacientes
665 3236 783 3304 bonurn,

198 3313 360 3380 quarentes
379 3312 407 3364 et
422 3305 568 3380 sapientes
582 3323 639 3364 non
654 3313 781 3378 terrena,

202 3380 253 3437 sed
265 3378 401 3436 coelestia.
416 3399 429 3431 a
442 3379 511 3435 Cum
525 3377 650 3435 dicitur:
665 3380 709 3435 tue
724 3395 785 3436 eum

200 3452 341 3516 uidebitis,
360 3449 400 3507 ait
417 3453 609 3520 Hieronymus,
629 3449 724 3508 brevis
742 3455 786 3508 est

197 3521 337 3580 sententia
365 3523 393 3579 in
412 3520 539 3594 syllabis,
555 3523 604 3578 sed
633 3519 735 3593 ingens
755 3521 785 3579 in

200 3595 359 3667 quantitate
380 3595 544 3672 promissio.
574 3592 615 3650 tbi
630 3599 672 3650 est
688 3593 785 3666 gaudii

200 3665 291 3723 nostri
308 3669 383 3736 tons,
392 3671 421 3724 et
435 3664 536 3723 salutis
549 3671 656 3724 nostrae
669 3669 785 3724 aeternae

198 3737 281 3809 origo
306 3743 479 3810 praeparata.
507 3737 549 3795 lbi
573 3743 785 3811 congregantur

196 3807 409 3878 dispersiones,
439 3817 467 3866 et
496 3816 637 3868 sanantur
670 3809 784 3867 contriti

200 3880 296 3936 corde.
313 3879 365 3949 tbi,
377 3881 483 3953 inquit.
493 3898 557 3939 cum
570 3881 705 3939 ridebitis
715 3900 722 3951 ;
734 3883 785 3940 sed

200 3967 257 4010 non
269 3953 344 4008 sicut
355 3953 465 4009 vidistis
476 3971 482 4009 :
495 3975 505 4004 ι
521 3956 581 4010 tiaec
591 3957 783 4025 Hieronymus.

240 4045 271 4080 ιο
291 4025 412 4079 lintanio
432 4043 466 4080 nn
489 4043 645 4082 nrscmusos
661 4045 679 4083 ιι
694 4044 786 4084 nuern-

198 4112 278 4152 amus
304 4113 397 4152 ancre.
413 4127 446 4138 -
468 4097 603 4153 lltrrlieres
618 4115 685 4154 vern
703 4100 786 4155 iran-

198 4169 273 4226 dntae
284 4183 334 4240 spe
346 4184 407 4224 sua.
419 4167 487 4239 qtiia
500 4184 604 4238 corpius
617 4169 729 4226 Domini
745 4187 785 4227 rn-

197 4239 296 4297 renire
310 4241 476 4313 sperabant,
489 4257 545 4296 ntia
557 4241 736 4299 attendentes
749 4243 784 4298 ad

198 4315 288 4370 verba
307 4311 419 4387 Angeli,
443 4329 506 4386 quse
526 4311 689 4382 audierant,
710 4331 784 4371 con-

198 4384 363 4458 territaque
400 4402 433 4444 ex
464 4385 580 4444 insolita
607 4385 784 4458 apparitione

834 491 1019 565 Angelorum,
1038 492 1067 547 et
1086 493 1246 562 gementes,
1265 492 1335 565 quia
1357 507 1426 550 nnn

834 563 1006 622 invenerunt
1017 565 1182 634 Dominum,
1193 563 1312 622 redeunt
1323 565 1360 622 ad
1373 565 1428 622 di-

834 636 969 709 scipuloS,
980 634 1119 704 dicentes,
1132 651 1236 708 corpus
1250 637 1362 695 Domini
1377 638 1429 694 su-

834 709 891 766 isse
911 708 1063 765 sublatum.
1084 711 1121 765 Et
1140 725 1268 778 repressa
1284 726 1302 765 o
1318 727 1427 767 monu-

834 786 923 838 mento
948 783 1148 838 nuntiaverunt
1169 781 1225 838 buo
1246 785 1337 838 omnio
1356 785 1428 840 iltis

834 854 970 916 undecim,
980 855 1111 910 etceteris
1121 854 1248 910 omnibus
1262 873 1269 912 ε
1285 854 1429 912 nuntiant

834 925 991 998 discipulis,
1007 929 1038 982 ut
1062 930 1112 982 aut
1126 941 1224 982 secum
1244 931 1426 998 quererent,

834 1003 882 1056 aut
898 1007 994 1054 secum
1009 997 1149 1054 dolerent.
1168 999 1208 1055 De
1226 999 1335 1070 Angelo
1348 999 1427 1072 qui-

835 1073 899 1128 dem
915 1075 942 1126 et
957 1069 1020 1140 ejus
1034 1069 1139 1139 verbis,
1150 1069 1253 1142 quibus
1264 1071 1427 1129 Dominum

835 1141 1023 1200 resurrexisse
1047 1141 1206 1208 audierant,
1222 1142 1290 1198 nibil
1307 1143 1349 1200 eis
1375 1143 1426 1200 di-

834 1220 947 1283 xerunt,
958 1213 1286 1272 buesolumnuntiantes
1297 1215 1424 1286 eisdem,

835 1286 942 1344 scilicet
959 1285 1108 1342 Dominum
1125 1285 1153 1343 In
1166 1294 1348 1344 monumento
1360 1305 1425 1346 non

835 1361 958 1416 essellt
982 1361 1044 1413 viso
1067 1364 1131 1415 sunt
1154 1365 1218 1416 onte
1240 1361 1304 1416 illos
1333 1361 1425 1417 uerba

835 1435 890 1488 isto
905 1433 977 1487 sicut
991 1430 1213 1494 deliramentum,
1230 1431 1258 1487 id
1274 1435 1317 1488 osl
1333 1432 1423 1504 quasi

835 1501 1423 1633 Bhentasticamtnourera,scilicetquud

860 1574 972 1632 ominus
991 1575 1190 1632 resurrexisset
1204 1591 1221 1632 a
1237 1575 1374 1646 mortuis,
1392 1583 1424 1634 et

835 1646 900 1705 iden
924 1664 979 1704 non
1002 1648 1178 1704 crediderunt
1197 1649 1267 1716 illis,
1286 1648 1353 1721 quia
1373 1665 1423 1706 res

835 1736 908 1776 nova
922 1724 995 1788 erat,
1013 1723 1042 1776 et
1057 1725 1157 1776 contra
1171 1720 1421 1790 consuetudinem,

836 1791 912 1864 quod
933 1790 1037 1848 mortui
1063 1797 1259 1863 resurgerent.
1285 1795 1321 1850 Ut
1339 1792 1420 1850 enirn

835 1864 875 1922 ait
892 1865 1059 1935 Tbeopln'lus
1080 1866 1172 1920 :aust
1192 1863 1361 1922 nntnmliter
1380 1866 1422 1922 in·

836 1935 972 1994 credibile
996 1937 1165 1994 mortalibus
1190 1935 1422 1995 Resurrectionis

836 2008 1017 2066 miraculum.
1036 2027 1049 2060 ιι

875 2081 1422 2138 11Pennusnrloeunsscuanunrenuo·

836 2171 994 2210 nunninus.
1010 2183 1042 2195 -
1057 2156 1139 2210 Delli
1154 2169 1217 2223 upa
1227 2156 1325 2210 Petrus
1332 2159 1358 2209 et
1370 2155 1420 2210 r'lie

836 2227 909 2282 nlius
924 2226 1091 2296 disceptatur,
1105 2241 1185 2296 quem
1202 2226 1315 2282 amabat
1327 2229 1417 2296 lesus,

836 2296 944 2354 scilicet
957 2299 1091 2367 loannes,
1104 2303 1130 2354 ct
1155 2303 1285 2354 veneunt
1305 2297 1344 2353 od
1361 2315 1417 2354 mo-

836 2375 1004 2427 numentum.
1020 2371 1085 2426 Haec
1104 2369 1180 2427 enirn
1197 2369 1346 2428 audientes
1358 2369 1418 2427 tol-

835 2441 900 2498 lunt
913 2457 1019 2510 moras,
1037 2457 1070 2498 ex
1086 2441 1229 2499 desiderio
1249 2440 1363 2499 ridendi
1380 2441 1417 2498 la·

836 2511 1418 2586 ctum,quiaignismateriaeingestusnon

836 2585 1025 2642 novitmoras.
1041 2585 1154 2644 lstiduo
1164 2585 1418 2659 praeccterisChri·

836 2663 910 2713 stam
923 2657 1068 2726 amabant,
1080 2663 1107 2714 et
1122 2657 1195 2715 sicut
1210 2657 1367 2715 familiares
1378 2657 1418 2714 in·

835 2727 926 2784 ricem
943 2744 972 2785 se
991 2731 1141 2799 tenebant;
1159 2737 1275 2803 propter
1294 2731 1370 2802 quod
1390 2730 1419 2786 in

836 2800 965 2874 pluribus
979 2801 1048 2858 locis
1065 2801 1198 2874 leguntur
1212 2802 1295 2860 simul
1309 2801 1418 2859 combi-

837 2871 906 2929 nati.
926 2873 1076 2931 currebant
1089 2879 1180 2930 nutem
1196 2875 1249 2930 duo
1261 2876 1356 2942 simul,
1371 2873 1418 2931 sed

838 2951 863 3001 ot
877 2946 925 3000 ille
938 2947 1013 3002 otius
1027 2946 1195 3017 discipulus,
1211 2945 1319 3003 scilicet
1332 2949 1418 3004 loan-

838 3021 1418 3147 nes,precucurrltcittusPetro‚3unuiam

838 3093 900 3147 erat
907 3089 1004 3162 junior
1014 3094 1042 3146 et
1052 3089 1222 3161 agiliorillo,
1234 3089 1278 3148 eti
1299 3107 1333 3148 eo
1344 3093 1420 3147 uenit

835 3165 944 3235 primus
970 3161 1008 3217 od
1029 3169 1252 3230 monumentum
1276 3167 1302 3219 el
1319 3179 1380 3220 cum
1393 3179 1421 3220 se

838 3236 1000 3290 inclinasset
1021 3235 1095 3290 uidit
1117 3237 1209 3306 posito
1239 3235 1419 3308 linteamina3

839 3323 893 3362 non
906 3310 999 3362 tamen
1011 3309 1152 3378 introlvit,
1163 3313 1282 3380 propter
1293 3306 1369 3363 Petri
1380 3322 1422 3363 re·

838 3377 1007 3447 versutiam,
1036 3393 1119 3450 quem
1150 3377 1331 3450 exspectavit,
1353 3377 1421 3449 quia

838 3448 900 3520 ipso
917 3451 1024 3518 senior,
1040 3455 1069 3507 et
1083 3449 1159 3508 inter
1169 3451 1320 3524 Apostolos
1335 3448 1420 3522 prin-

839 3519 958 3604 cipalior
981 3526 1052 3578 erat.
1081 3522 1219 3595 conspice
1247 3537 1324 3578 nunc
1347 3523 1420 3580 bene

838 3607 923 3664 ipsos.
942 3593 1065 3650 Currunt
1090 3593 1154 3663 ipsi.
1171 3599 1292 3651 currunt
1307 3593 1421 3666 Magda·
1474 3657 1477 3662 ,

839 3665 905 3721 lena
917 3668 946 3720 et
962 3664 1048 3722 snciae
1065 3666 1127 3738 ejus
1170 3671 1213 3723 ost
1235 3681 1304 3723 ens:
1319 3679 1419 3722 ornnes

839 3741 958 3793 currunt
971 3736 1007 3793 ad
1018 3752 1133 3808 quaeren
1156 3753 1203 3794 urn
1211 3736 1365 3795 Dominum
1377 3753 1421 3794 su·

838 3824 1057 3878 um,c0rsuum,
1068 3815 1097 3866 et
1108 3809 1341 3876 animamsnam;
1356 3824 1421 3866 cur·

838 3885 907 3936 ruint
932 3881 1052 3938 maltum
1082 3881 1215 3952 fideliter,
1242 3881 1420 3952 multumque

838 3953 992 4022 tercenta,
1009 3953 1127 4010 muttum
1142 3953 1235 4023 anxie,
1250 3962 1279 4010 et
1298 3952 1420 4009 multum

839 4025 975 4082 studiose.
991 4025 1089 4092 Curre,
1105 4032 1133 4082 at
1149 4031 1191 4092 tu,
1207 4029 1273 4099 post
1287 4041 1347 4090 cos,
1362 4029 1421 4081 sive

838 4103 933 4169 potrus
947 4113 1010 4154 eum
1030 4096 1082 4166 eis,
1101 4103 1131 4154 nt
1146 4096 1264 4156 cumeis
1278 4095 1421 4154 consolari

839 4167 986 4226 merearis.
1001 4169 1070 4225 Cum
1087 4173 1182 4226 antem
1201 4167 1372 4242 perveniunt
1385 4167 1420 4225 ad

840 4247 1066 4310 monumentum,
1092 4240 1274 4312 respicientes
1301 4241 1330 4297 in
1359 4241 1419 4313 ipso

837 4330 889 4386 per
903 4321 1027 4370 exterius
1038 4313 1142 4370 ostium
1155 4316 1344 4380 intraverunt,
1360 4311 1420 4385 pri·

839 4402 884 4442 mo
901 4388 1012 4454 Petrus,
1029 4384 1133 4442 deinde
1149 4387 1285 4443 loannes.
1301 4386 1336 4442 Et
1351 4383 1419 4456 qui-
