3124 5038
267 429 307 485 nil
333 429 506 484 UONUURSU
535 429 654 485 uisuri.
683 431 723 486 itt
749 429 926 486 nuntiauit
953 429 994 482 All
1023 427 1256 483 SUPUlCllllUll.
1329 429 1373 482 l85

141 543 210 612 post
228 537 479 596 Resurrectionem
494 538 619 606 Angelus
634 537 730 604 manni

143 611 258 670 consilii
273 610 425 683 Scripturae
446 610 644 668 difficultatem
664 629 731 684 npe-

142 684 212 741 ruit.
237 683 328 752 Unde,
344 683 502 740 seeundum
518 683 630 753 Bedom,
646 700 730 741 revo-

142 755 214 813 lutio
222 755 327 827 lapidis
339 754 454 828 mystice
463 753 672 812 revolutionem
683 758 730 814 Sa·

142 833 357 886 crementorum
373 825 489 890 Christi,
513 842 577 898 quoe
590 828 731 886 velamine

141 899 248 956 litterae
273 898 373 971 legalis
392 899 554 969 tegebatur,
584 899 729 970 insinuat,

141 973 199 1028 Lex
216 969 294 1028 enim
321 971 351 1027 in
370 969 464 1041 lapide
486 969 594 1042 scripta
620 971 683 1042 luit,
703 978 731 1028 et

142 1043 210 1101 ideo
222 1059 274 1116 per
293 1041 416 1115 lapidem
430 1041 606 1114 designetur.
628 1046 671 1112 Et,
687 1061 730 1101 sc-

142 1115 267 1172 cundum
290 1115 434 1184 eumdem,
462 1115 587 1181 Angelus
613 1115 731 1173 sedebat

143 1203 232 1260 super
251 1186 384 1257 lapidem,
412 1202 470 1258 quo
497 1189 601 1243 ostium
631 1204 731 1244 monu-

143 1259 235 1316 menti
249 1259 445 1327 claudebatur,
463 1265 492 1313 ut
508 1259 635 1316 claustra
657 1259 730 1318 inle-

141 1347 243 1388 rorum
261 1347 314 1388 sua
336 1330 430 1404 ipsum
448 1332 600 1388 Dominum
625 1331 731 1390 virtute

141 1401 283 1475 dejecisse
305 1403 430 1460 doceret.
453 1403 608 1472 Aioraiiter,
626 1405 671 1460 hic
688 1405 729 1462 la·

141 1473 190 1548 pis
205 1475 336 1546 designat
358 1474 535 1547 poenitentioe
552 1475 675 1547 pondus,
694 1477 730 1534 ad

141 1547 221 1620 quod
232 1546 400 1630 aspicientes
411 1545 580 1630 incipientes
591 1547 628 1604 ad
642 1551 728 1606 Ueum

140 1625 283 1687 converti,
300 1623 401 1675 timere
426 1619 578 1686 incipiunt,
607 1635 644 1676 ne
665 1637 729 1692 pos-

139 1689 372 1748 sintinciioetarn
388 1689 589 1762 poenitentiam
601 1707 730 1749 eonsum-

141 1778 235 1832 mare,
251 1769 278 1818 et
294 1761 358 1820 ideo
373 1762 471 1819 dicunt
483 1761 702 1845 ingemiscentes
722 1782 728 1822 :

141 1834 214 1903 Quis
229 1835 353 1892 revolvet
369 1833 452 1891 nobis
467 1835 590 1906 lapidem
605 1837 641 1892 eb
657 1837 730 1893 ostio

141 1906 331 1976 monumenti,
352 1904 380 1962 id
404 1911 447 1964 est
466 1923 483 1963 a
500 1905 654 1976 corde,'in
675 1925 730 1978 ouo

140 1977 274 2036 Christus
288 1979 405 2034 affectet
426 1977 562 2050 sepeliri?
589 1979 643 2035 Sed
674 1996 730 2036 non

140 2050 252 2107 debent
266 2049 398 2107 diffidere
421 2056 448 2106 et
462 2049 644 2108 retrocedere
656 2068 663 2118 ;
680 2052 730 2108 sed

140 2137 208 2180 curn
224 2123 269 2179 his
289 2121 457 2179 mulieribus
484 2121 612 2179 eominus
629 2138 729 2194 proce-

139 2195 212 2251 dere
233 2193 414 2266 ,descendet
438 2193 514 2251 enim
544 2193 668 2258 Aneelns
694 2196 730 2252 de

140 2266 225 2326 eoelo.
255 2265 284 2322 id
311 2271 353 2324 est
369 2268 463 2338 gratio
481 2265 603 2338 Spiritus
622 2267 728 2338 Sancti,

141 2354 209 2412 quae
226 2337 351 2410 lapidem
370 2337 525 2406 amovebit,
543 2337 611 2409 quia
638 2343 729 2396 totum

141 2410 255 2484 pondus
280 2409 457 2483 poenitentiae
472 2409 641 2466 sublevabit.
667 2413 729 2482 lpse

140 2481 220 2540 enim
236 2482 372 2538 Dominus
385 2481 443 2539 ait:
461 2484 563 2550 lopun
577 2499 666 2538 meum
682 2500 728 2540 sn-

141 2570 194 2611 one
212 2559 263 2623 cst,
288 2559 314 2611 et
328 2571 396 2610 onus
414 2570 503 2610 menne
525 2555 593 2624 leue,
621 2553 729 2613 scilieet

141 2626 298 2698 adjuvante
312 2625 407 2698 gretie
418 2625 478 2684 Uei.

179 2701 355 2754 5Arrnrurio
375 2715 550 2757 suessonum
571 2731 604 2742 -
623 2704 660 2758 Et
686 2703 728 2756 in-

140 2775 280 2827 trocuntes
295 2771 331 2828 eb
357 2770 486 2838 Oriente,
515 2776 545 2829 in
564 2789 728 2830 monumen-

142 2847 214 2911 tum,
233 2841 322 2898 idest
341 2841 417 2900 intra
441 2844 603 2901 clausurum
632 2849 661 2900 et
677 2845 728 2900 do·

142 2913 309 2972 muriculam
324 2917 488 2978 rotundam,
503 2932 566 2988 qure
581 2923 644 2973 erat
654 2916 730 2972 circa

141 2985 337 3058 sepulchrum,
352 2987 483 3044 uiderunt
494 2987 633 3057 janonem,
650 2986 729 3044 scili-

143 3063 190 3116 eet
204 3057 292 3114 sliurn
306 3058 457 3130 Angelum,
470 3059 607 3115 sedentem
619 3063 649 3114 in
664 3060 729 3116 den·

143 3135 197 3188 tris
207 3129 349 3202 sepulchri
364 3133 444 3200 lesu,
461 3133 534 3187 stote
547 3131 669 3188 candido
684 3147 727 3188 eo·

144 3207 280 3330 (gemtum,
307 3208 332 3276 et
346 3203 557 3274 obstupuerunt,
573 3218 632 3276 prae
656 3219 728 3274 geu-

168 3272 194 3329 io
218 3279 245 3330 ct
269 3273 457 3331 admiratione
486 3281 572 3332 tantae
601 3274 728 3334 visionis.

148 3345 285 3405 Viderunt
304 3345 381 3402 enim
399 3346 528 3429 juvenem
546 3347 608 3420 ipso
630 3346 729 3405 habitu

60 3431 66 3442 ·
144 3417 274 3490 corporis
289 3417 423 3489 jnrenilvs
448 3425 659 3492 precedentem
676 3418 729 3476 im-

143 3487 349 3547 mortalitatem
373 3490 602 3562 resurrectionis,
617 3494 646 3549 in
672 3508 730 3564 qua

141 3571 297 3619 renovetur
310 3567 343 3619 ut
355 3561 458 3635 aquilae
470 3564 616 3636 iuventus,
632 3571 660 3622 et
678 3580 729 3620 ue-

142 3648 192 3690 mo
212 3633 345 3702 senescit,
365 3635 501 3692 sedentem
516 3637 546 3690 in
562 3637 681 3700 cleastris,
699 3634 729 3694 id

784 539 899 598 dentem
926 537 955 593 in
978 535 1095 604 dextris,
1119 540 1273 606 coopertum
1295 536 1367 592 stolo

785 611 916 672 candido.
935 609 964 666 id
988 615 1031 665 est
1051 610 1117 665 etha
1136 611 1285 676 candente,
1301 623 1370 680 pro-

785 690 849 756 pter
864 681 1000 753 gaurlium
1019 679 1258 748 Resurrectionis;
1278 685 1303 735 et
1317 680 1371 735 od-

784 761 959 826 stupueruut.
969 769 1026 824 prae
1035 751 1224 810 admiratione
1233 758 1319 808 tantm
1332 749 1371 806 vi·

785 826 885 884 sionis.
901 828 932 882 ln
948 825 1052 882 dextris
1071 823 1142 882 etin
1158 823 1229 882 alliis
1247 823 1370 897 Angelus
1419 829 1422 836 '

785 897 927 970 apperuit.
940 897 1007 969 quie
1019 897 1135 954 dextera
1148 903 1314 968 perpetuam
1328 895 1370 950 vi·

785 975 843 1028 tom
857 969 999 1042 designat,
1015 976 1044 1026 et
1056 969 1163 1026 candor
1177 968 1261 1024 vestis
1275 967 1372 1040 splen·

785 1044 885 1100 dorem
900 1041 1090 1098 solemnitatis
1104 1039 1263 1098 denuntiat.
1293 1040 1372 1098 Unde

786 1116 952 1184 Greporiue:
968 1133 982 1167 n
998 1116 1030 1170 ln
1047 1115 1163 1172 dextera
1178 1113 1307 1180 sedebat,
1322 1109 1371 1186 qui

786 1187 860 1245 stola
875 1186 997 1244 candida
1013 1184 1155 1258 apparuit,
1173 1187 1284 1256 uuiaet
1310 1200 1371 1242 suae

786 1265 814 1316 et
833 1265 938 1315 nostrae
955 1257 1116 1315 festivitatis
1130 1256 1235 1328 gavidia
1255 1261 1370 1314 nuntie·

785 1331 834 1388 vit.
855 1331 906 1388 lile
920 1329 995 1388 enim
1009 1330 1120 1388 Domini
1133 1328 1328 1399 Resurrectio,
1342 1333 1372 1385 et

786 1421 839 1461 nos
856 1407 890 1460 ad
918 1401 1162 1460 immortalitatem
1193 1401 1314 1471 reduxit,
1342 1405 1370 1457 et

784 1475 957 1549 Angelorum
970 1490 1117 1531 numerum
1132 1473 1294 1541 restituens,
1311 1488 1368 1528 coe·

785 1549 865 1605 lestis
879 1546 976 1618 patriae
991 1547 1096 1603 damna
1105 1545 1247 1618 reperavit
1258 1561 1264 1600 :
1277 1565 1290 1594 u
1308 1546 1369 1601 haec

785 1621 943 1688 (ireneias.
973 1621 1002 1674 tn
1030 1619 1103 1674 stola
1131 1616 1217 1674 etiam
1247 1616 1369 1673 candide

784 1692 908 1764 Angelus
928 1689 1069 1774 apparuit,
1099 1689 1136 1747 ed
1161 1687 1370 1770 desisnandum

784 1763 1369 1838 puritatemvrtae,quampostBaptismum

785 1839 904 1908 quisque
915 1836 1000 1893 debet
1014 1836 1178 1892 observare.
1193 1833 1272 1892 Unde
1284 1839 1311 1890 et
1326 1848 1371 1889 ve·

783 1907 833 1964 stis
848 1909 914 1965 albe
929 1907 957 1964 in
976 1907 1121 1978 Baptismo
1135 1906 1259 1962 traditur
1274 1909 1302 1961 in
1326 1903 1371 1961 si-

784 1993 872 2054 gnum
907 1978 1038 2050 gloriosse
1074 1978 1301 2046 resurrectionis,
1333 1977 1370 2034 ad

785 2067 870 2124 qviam
885 2066 937 2123 per
950 2050 1124 2122 Baptismum
1134 2048 1307 2119 pervenitur.
1321 2047 1368 2105 Sic
1455 2089 1458 2096 .
1539 2071 1542 2080 =

785 2140 852 2196 ergo
869 2123 925 2180 duo
938 2127 1020 2179 eraut
1033 2121 1145 2194 Angeli,
1158 2126 1275 2204 propter
1293 2117 1371 2178 testi·

785 2195 873 2252 monii
894 2192 1184 2265 sustinendamque
1198 2195 1228 2249 tn
1240 2209 1285 2249 ore
1304 2193 1370 2250 duo-

784 2284 846 2324 rum
859 2269 903 2323 vel
916 2269 1012 2335 trium,
1025 2267 1111 2322 stabit
1124 2281 1201 2322 omne
1210 2266 1332 2321 nodum.

821 2345 837 2396 6
852 2339 996 2408 Cnnisres,
1009 2355 1110 2395 ennuso
1126 2355 1215 2394 nunus
1227 2353 1371 2394 nonusnu-

784 2429 1017 2479 neumanensis.
1034 2441 1067 2474 -,-
1078 2413 1142 2468 lam
1153 2410 1269 2482 quidem
1285 2416 1369 2467 terrae

784 2489 878 2541 motus
895 2484 988 2541 lactus
1000 2489 1073 2552 eret,
1089 2498 1153 2540 cum
1171 2481 1307 2539 ilominus
1322 2497 1368 2540 ra·

784 2555 916 2626 surrexit,
926 2563 955 2613 et
967 2560 1151 2613 monumento
1161 2555 1258 2612 elauso
1270 2569 1367 2626 egres-

784 2645 832 2686 sus
848 2635 910 2686 erat
920 2631 1002 2686 lesus
1020 2637 1087 2686 ante
1100 2627 1308 2686 revolutionem
1323 2625 1368 2684 la-

783 2700 867 2773 pidis,
884 2700 956 2757 sicut
970 2700 1090 2757 intravit
1104 2701 1140 2756 ed
1152 2699 1368 2772 discipulosje·

785 2773 849 2828 nuis
872 2773 992 2841 elausvs;
1009 2773 1059 2828 sed
1081 2778 1146 2844 post
1161 2787 1306 2844 egressum
1320 2788 1368 2828 oc-

784 2845 880 2901 cedens
894 2845 1018 2913 Anpelns
1037 2845 1154 2899 reuoluti
1184 2845 1316 2914 lapidem,
1339 2848 1370 2899 ut

785 2916 966 2988 sepulchrum
987 2931 1108 2972 vacnum
1129 2915 1304 2982 ostenderet,
1335 2929 1369 2971 ac

785 2988 973 3044 resurrexisse
994 2985 1155 3054 Dominum,
1170 2992 1197 3042 et
1222 3001 1367 3057 egressum

786 3059 847 3131 ejus
857 3061 918 3131 jam
929 3059 1033 3116 lactum
1047 3057 1204 3126 iudicaret,
1219 3065 1245 3115 et
1258 3057 1369 3114 sedebat

785 3147 868 3202 super
880 3149 951 3187 eum.
965 3133 1024 3186 Non
1039 3129 1116 3186 enirn
1131 3129 1254 3258 indiimt
1269 3131 1291 3186 U
1304 3130 1367 3185 mi-

786 3219 840 3260 nus
853 3202 882 3259 in
898 3204 1115 3259 Resurrectione
1129 3217 1192 3258 euru
1209 3219 1233 3258 ro
1246 3201 1369 3274 Angelo-

786 3291 860 3344 rum,
869 3274 920 3347 qui
931 3273 1047 3347 propria
1058 3272 1162 3330 virtute
1175 3273 1299 3330 claustra
1309 3271 1366 3329 dis-

786 3346 891 3419 sipavit
913 3345 1081 3403 interorum.
1105 3345 1184 3402 Unde
1207 3347 1368 3414 Chrysosto·

785 3435 846 3474 nnus
862 3439 871 3475 ε
887 3441 901 3470 n
914 3418 1002 3490 Cujus
1016 3416 1109 3490 gratia
1121 3416 1212 3490 igitur
1222 3415 1299 3474 venit
1309 3417 1369 3472 An·

785 3491 875 3563 gelus,
888 3495 916 3549 et
929 3490 1033 3547 levavit
1048 3490 1173 3563 lapidem
1181 3494 1251 3617 post
1262 3490 1368 3546 Resur-

786 3563 967 3620 rectionem?
986 3565 1107 3635 Propter
1131 3577 1179 3618 mu
1193 3561 1276 3618 ieres.
1297 3561 1368 3631 lpsae

785 3635 863 3692 enim
878 3635 1014 3692 viderunt
1029 3650 1094 3692 eum
1109 3633 1140 3690 in
1155 3633 1318 3706 sepulchro.
1335 3633 1370 3689 Ut

144 3709 188 3762 est
195 3706 230 3762 ad
239 3704 428 3762 meridianem
444 3711 555 3777 partem
571 3707 625 3764 loci
640 3707 728 3778 illius,
786 3706 872 3836 {imur
888 3707 1005 3764 credent
1021 3704 1156 3778 quonism
1173 3706 1305 3775 surrevit,
1326 3705 1368 3761 vi·

142 3776 191 3833 ubi
206 3777 441 3860 corpuspositurn
457 3777 563 3846 lueret,
580 3779 634 3835 hoc
650 3779 731 3852 quip-
805 3783 854 3836 ent
880 3777 1061 3850 sepulchrum
1088 3793 1208 3849 corpore
1231 3791 1367 3844 vacuum,

141 3864 178 3978 Be
192 3847 223 3931 in
234 3847 341 3932 dertns
353 3851 435 3932 lesus
448 3861 519 3906 erat.
533 3851 643 3923 Corpus
652 3853 729 3908 enirn
784 3857 902 3980 Eropter
911 3851 966 3907 hoc
975 3853 1072 3922 utique
1082 3849 1199 3906 abstulit
1209 3849 1367 3977 lepidorum)

167 3936 266 3988 omini,
284 3921 360 3994 quod
373 3937 506 3993 supinum
525 3923 625 3994 jacens
641 3923 728 3980 habe·
811 3939 827 3978 n
850 3921 984 3979 eetltedo
995 3941 1003 3977 ε
1016 3943 1026 3974 v
1037 3921 1238 3993 Angelusrevo
1251 3927 1290 3978 vit
1302 3922 1369 3993 lapi-

141 3991 190 4049 bet
202 3997 288 4065 caput
299 3997 333 4049 ed
345 3993 540 4061 Occidentem,
556 3999 584 4051 et
597 3994 682 4066 pedes
693 3996 728 4051 ed
784 3994 980 4063 dem,nonutr
1003 3993 1369 4065 ressuroUominojenuam

142 4064 300 4126 Orientem.
319 4063 447 4122 dextram
464 4081 580 4124 menum
596 4082 728 4124 necessa·
804 4068 935 4134 auderet,
949 4010 1001 4123 seg
1023 4072 1055 4123 ut
1067 4083 1202 4138 egressus
1225 4067 1287 4138 J'am
1302 4065 1369 4121 laeti

142 4137 185 4193 rio
199 4137 532 4208 habebatadltleridiem,
544 4143 572 4195 et
580 4137 726 4196 sinistram
783 4083 950 4196 inminibus
968 4137 1106 4195 indicium
1125 4144 1278 4218 praesteret
1315 4137 1368 4218 Qui

141 4209 178 4265 ad
192 4211 372 4280 Aquilonem.
391 4211 428 4265 En
441 4227 497 4280 quo
516 4220 646 4283 tempore
661 4227 727 4267 con·
783 4227 859 4267 enim
873 4209 1003 4267 mortalis
1015 4211 1119 4274 adhuc,
1132 4215 1229 4267 clauso
1243 4210 1368 4290 Virginis

141 4280 262 4337 suetudo
285 4279 408 4337 excrevit
431 4282 670 4350 Christianorum,
690 4283 727 4340 ad
781 4289 875 4347 utero,
893 4283 984 4354 potuit
1003 4283 1148 4340 nascendo
1166 4281 1302 4338 mundum
1324 4295 1367 4334 rn-

141 4353 216 4408 hanc
235 4351 454 4409 similitudinem
471 4369 592 4428 corpora
611 4354 725 4426 sepeliri
781 4355 873 4429 gredi,
903 4354 962 4428 ipse
986 4355 1046 4426 jum
1067 4355 1159 4410 lactus
1186 4349 1367 4421 immortalis,

142 4423 353 4482 detunctorum.
369 4423 519 4498 Viderunt,
537 4427 666 4500 inquam,
680 4443 724 4484 se·
780 4427 876 4484 clauso
891 4425 957 4484 licet
974 4426 1135 4498 sepulchro,
1160 4422 1251 4496 potuit
1267 4437 1368 4477 resur-
