3036 5042
165 373 193 428 tt
429 367 430 372 ¹
536 373 694 426 secunus
724 371 841 424 ululis
871 370 975 424 nllus
1004 371 1046 424 tlt

166 485 280 554 spuunt,
292 479 341 554 qui
355 478 560 538 Eucharistinm
574 479 694 543 ludisne
709 495 755 536 su·

168 559 266 620 muut;
283 552 454 624 quicumque
468 551 555 610 etiem
568 551 678 624 polluta
690 567 755 608 con·

168 623 286 682 scientie
299 627 407 694 Coqrus
418 623 520 680 Christi
535 623 564 680 in
575 639 698 680 ossuum
710 638 755 682 ao-

169 696 286 769 cipinnt,
296 696 324 752 bi
341 696 429 753 satira
442 713 494 752 sua
507 701 623 768 peccato
637 695 752 765 inlecta,

168 773 379 826 sacramentum
406 767 590 837 contingunt,
619 767 752 824 medela·

167 839 246 896 ciunt
262 848 291 894 et
307 839 475 910 deglutiunt,
487 855 519 896 ac
534 855 585 911 per
599 839 652 896 boc
669 840 696 896 in
715 841 754 896 la·

167 911 238 968 ciem
255 909 356 970 Christi
372 918 543 984 conspuunt.
555 911 660 978 Quinto
670 909 699 966 iu
713 910 752 968 lu·

169 981 241 1038 ciem
266 989 438 1052 conspuunt,
458 981 508 1055 qui
530 982 664 1055 praelstos
687 997 753 1040 siros

169 1059 363 1112 contemnunt.
387 1056 468 1124 ltem,
485 1060 563 1114 sento
591 1053 621 1112 in
652 1053 752 1112 taciem

169 1124 270 1182 Christi
283 1125 443 1198 despective
455 1131 624 1197 conspuunt.
634 1125 753 1198 quigne-

169 1196 223 1254 ties
239 1199 296 1254 Deo
306 1197 342 1254 de
352 1198 479 1269 quolibet
489 1196 542 1254 sibi
558 1201 624 1254 dato
636 1213 753 1255 munere

168 1284 225 1326 nou
244 1275 343 1340 egunt.
359 1301 393 1312 -
410 1270 570 1328 Secundum
592 1270 754 1328 documen-

168 1345 227 1398 tum
240 1347 292 1402 est.
304 1347 336 1398 ut
348 1357 400 1398 nos
414 1347 466 1400 iste
481 1347 565 1412 sputa
576 1340 751 1413 turpissime,

169 1417 197 1468 et
220 1411 276 1468 ulie
296 1412 371 1470 tecte
386 1413 595 1484 exprobrabile
611 1412 752 1470 Passionis

169 1483 284 1554 Christi,
303 1484 385 1542 nobis
413 1487 450 1544 sd
475 1499 609 1557 maguam
633 1485 752 1556 gloriam

169 1562 341 1625 reputemus.
353 1557 432 1614 Unde
449 1558 653 1625 chrysostomus
665 1573 672 1611 ε
684 1577 697 1606 u
708 1558 754 1614 ht·

168 1629 252 1684 tende
268 1628 341 1698 quod
360 1631 548 1699 Evangeliste,
565 1643 629 1686 rum
644 1642 753 1684 summe

169 1697 316 1768 diligentia
338 1714 372 1756 ee
393 1716 457 1771 quse
474 1697 607 1755 videntur
624 1714 685 1756 ese
700 1715 753 1756 ex·-

168 1769 384 1841 probretissime
395 1775 519 1839 exponit,
529 1769 597 1828 nibil
610 1770 753 1830 occultans

167 1840 210 1897 vel
234 1841 378 1908 omittens,
403 1848 453 1900 eut
478 1843 682 1909 verecundans,
703 1842 752 1900 sed

168 1911 287 1982 gloriam
302 1914 468 1972 existimans
483 1913 633 1972 maximum
653 1913 753 1972 Domi-

168 1991 297 2042 nstorem
314 1986 391 2044 orbis
403 1993 544 2045 terrerum
558 2003 609 2059 pru
622 1985 704 2046 nobis
714 1992 753 2044 tu·

169 2055 207 2112 lis
232 2056 383 2118 sustinere.
409 2062 475 2118 liaec
501 2065 596 2116 aulem
623 2059 753 2130 legamus

167 2131 311 2199 continue,
323 2131 383 2190 hnc
398 2137 504 2190 nostrae
518 2131 605 2188 menti
616 2131 752 2188 inscriba-

168 2215 241 2270 mus,
267 2207 296 2258 et
321 2201 351 2260 in
381 2203 425 2260 bis
452 2203 632 2274 gloriemur:
654 2224 669 2254 ι
690 2203 752 2260 hese

166 2274 384 2340 Gbrpsesromns.
402 2277 433 2330 Et
448 2275 471 2332 si
484 2273 600 2344 quidem
615 2274 689 2330 istud
705 2274 753 2330 do·

167 2349 329 2400 rumentum
349 2345 438 2416 possit
464 2344 564 2400 reterri
590 2345 626 2400 ed
641 2343 752 2415 singule

167 2419 274 2484 puncta
285 2415 438 2472 [lominicae
448 2415 751 2487 Passionispraecipue

167 2489 263 2542 tumen
278 2487 313 2541 nd
330 2485 405 2544 istud
417 2487 492 2558 quod
506 2488 547 2543 sic
560 2487 751 2558 exprobretis·

165 2554 267 2636 simum
282 2555 343 2614 luit.
361 2589 393 2602 -·
408 2560 449 2616 hil
468 2559 704 2616 coulormsndum
721 2575 751 2618 se

166 2628 231 2684 burc
246 2627 377 2697 articulo,
393 2629 496 2688 formet
512 2629 597 2686 homo
614 2629 642 2688 in
659 2637 751 2688 mente

167 2714 218 2754 sua
230 2700 383 2766 Christum,
400 2705 457 2758 tem
472 2700 646 2758 horribiliter
661 2705 752 2774 sputis

166 2768 196 2826 in
207 2769 276 2828 iecie
287 2771 480 2845 deturpatum,
492 2777 521 2830 et
534 2775 703 2844 regratietur
713 2772 751 2830 si-

169 2840 261 2923 bipro
272 2858 376 2914 mergus
384 2843 475 2916 glorie
488 2851 594 2902 nostra.
607 2844 753 2917 Recogitst

166 2919 251 2996 elram
266 2915 380 2985 quoties
395 2916 454 2988 ipe
471 2915 571 2974 taciem
584 2915 662 2974 illem
679 2933 751 2988 spe·

166 2985 351 3066 eiqsrssimsm
370 2985 400 3046 iu
418 2987 592 3048 conscientie
612 3004 664 3045 sue
684 2989 751 3060 pol·

168 3055 233 3122 luit,
250 3056 329 3129 item,
345 3059 457 3131 quoties
470 3057 584 3132 indigne
599 3061 753 3118 communi·

166 3129 256 3186 cando
272 3131 345 3203 sputi
360 3131 403 3193 sui
422 3129 511 3190 ioelidi
528 3137 657 3190 contestu
672 3133 751 3190 Chri·

166 3206 241 3258 stum
261 3203 460 3262 sordidaverit.
476 3207 551 3272 lesu,
567 3207 616 3276 qui
633 3208 751 3262 immun·

166 3273 210 3328 dis
219 3275 374 3334 iudeorum
383 3280 474 3348 sputis
482 3278 698 3350 pulcherrimam
709 3279 753 3346 so·

166 3347 232 3402 ciem
247 3352 323 3404 trium
338 3351 475 3404 maculari
490 3349 615 3412 uoluisti,
632 3348 668 3402 dn
683 3350 753 3406 mibi

166 3421 219 3476 tnae
233 3419 365 3486 imupints
384 3421 486 3488 furiem
500 3422 531 3476 in
545 3435 587 3474 me
603 3435 752 3489 numquam

167 3490 234 3544 meis
247 3489 369 3546 sordidis
382 3492 500 3552 actibus.
513 3496 563 3548 ont
575 3489 657 3548 distis
670 3495 695 3548 et
708 3506 751 3548 oo·

165 3561 350 3626 uitulionidus
361 3563 520 3633 inquinare.

205 3651 234 3690 ie
253 3631 372 3692 Venerio
387 3651 473 3691 recisi
492 3639 681 3706 (insternere
702 3653 752 3692 ιιο·

165 3719 287 3759 cursuri
308 3721 341 3762 ss
359 3723 402 3769 ss,
422 3723 505 3764 ierus
522 3724 752 3764 consonusuoms

143 3828 146 3838 ,
166 3791 198 3828 ιιι
209 3791 317 3857 oberro.
334 3807 356 3816 -
369 3781 468 3836 Etulii
476 3778 752 3850 oelaoemnteummd

164 3851 207 3900 est
223 3845 323 3904 laniem
335 3848 406 3920 ejus,
420 3851 497 3921 qnod
512 3851 641 3908 velamen
658 3857 754 3909 menet

166 3932 255 3999 usque
270 3918 355 4000 hodie
366 3936 451 3992 super
462 3923 548 3980 cordu
563 3938 672 3992 eorum,
686 3922 753 3995 quis

166 3989 202 4044 eb
218 4005 259 4048 eis
274 3990 374 4050 lactem
392 4008 472 4050 susm
491 3994 649 4052 abscondit.
666 3996 688 4052 Ο
706 3994 750 4050 in·

165 4075 235 4144 seno
250 4061 372 4130 eteritis,
392 4071 421 4121 et
437 4080 512 4122 crees
528 4063 640 4122 insanie
658 4065 751 4122 inlell-

164 4149 240 4190 crum
259 4133 433 4199 indicorum,
455 4135 521 4207 quis
543 4135 621 4192 illam
640 4135 752 4194 deside·

165 4205 429 4276 robilemteciem,
454 4222 540 4279 quom
566 4207 752 4265 adventuram

168 4277 264 4348 Putres
275 4293 375 4338 eorum
386 4283 414 4336 et
428 4281 577 4352 Propbcte
590 4293 653 4338 cum
666 4279 751 4353 longo

164 4347 287 4422 suspirio
302 4348 547 4421 desiderererunt,
560 4349 613 4425 ipsi
624 4349 751 4410 infelices

810 493 874 538 cum
884 483 1054 549 presentem
1064 478 1235 548 babuerunt,
1246 485 1303 536 tem
1317 477 1405 548 igno·

810 549 931 606 minione
950 549 1129 608 velaveruntt
1147 550 1329 618 velaverunt,
1349 549 1405 606 in-

810 637 905 692 quum,
922 627 953 678 ut
972 619 1013 678 eit
1026 623 1110 688 lledo,
1129 637 1185 680 nou
1203 627 1234 680 ut
1249 621 1306 694 ipse
1327 621 1406 678 illo-

809 709 872 750 rum
886 693 994 752 scelera
1009 709 1064 749 nou
1082 693 1192 762 rideam
1208 697 1257 750 sel
1274 697 1303 748 ut
1318 709 1341 749 a
1357 709 1407 750 se-

810 763 937 836 metipsis
947 763 1047 822 iaciens
1058 769 1086 821 et
1096 765 1215 838 gratiam
1225 763 1406 836 cognitionis

808 839 871 908 ejus
892 836 1109 896 absconderent.
1132 839 1320 894 (tetenderunt
1348 853 1406 905 per

808 909 862 965 boc
874 909 960 965 etism
975 907 1144 977 nescienter,
1159 909 1235 980 quod
1248 907 1277 965 in
1291 907 1405 964 taciem

809 979 912 1038 Christi
932 979 1024 1036 nullus
1047 979 1172 1038 infidelis
1192 989 1221 1036 et
1242 995 1366 1036 eversus
1386 996 1403 1036 e

811 1055 866 1110 lleo
890 1051 994 1108 intueri
1018 1055 1126 1123 potest;
1146 1051 1213 1134 quie
1235 1055 1277 1108 est
1295 1052 1335 1108 sb
1360 1053 1405 1108 eis

808 1126 911 1182 reluta.
933 1126 966 1180 lit
986 1121 1086 1180 similis
1104 1129 1178 1182 retro
1198 1129 1241 1180 est
1260 1122 1296 1180 de
1315 1121 1405 1182 falsis

809 1193 1404 1266 christianis.sed‚sicuidteitnpostotus:

809 1269 874 1326 Cum
894 1269 957 1338 quis
975 1283 1119 1324 sonemus
1135 1269 1222 1336 suerit
1241 1267 1278 1322 ad
1297 1270 1404 1336 Deum,

809 1346 873 1396 tunc
884 1342 1026 1407 auferetur
1035 1341 1168 1396 uelamen.
1181 1341 1218 1396 Ει
1230 1339 1281 1394 huc
1292 1337 1406 1396 articu-

808 1411 836 1467 lo
851 1409 1000 1468 institionis
1009 1409 1089 1466 lactei
1100 1409 1330 1482 bebeuturplure
1342 1409 1404 1466 do-

809 1488 950 1540 cumenta.
963 1513 998 1524 -
1012 1482 1150 1550 Primum,
1164 1482 1239 1554 quod
1251 1497 1303 1538 nos
1314 1496 1404 1540 surn-

809 1569 1027 1622 messuerimus,
1043 1570 1079 1610 ne
1093 1555 1220 1610 velamen
1235 1559 1300 1610 ente
1315 1554 1406 1610 Chri·

808 1629 841 1682 sti
859 1625 959 1682 taciem
976 1641 1129 1694 prooemium
1147 1625 1207 1688 sed,
1226 1624 1294 1682 besl
1312 1624 1404 1682 multi

807 1695 1403 1755 Christi-uniuelamenanterristiieciem

808 1767 1403 1842 ponunt,qualessuntquiintrouitepec-

807 1846 883 1902 cnut.
912 1839 992 1912 qussi
1022 1841 1094 1896 Deus
1121 1857 1171 1898 eos
1199 1856 1255 1898 nou
1284 1839 1400 1910 videat;

808 1913 907 1984 quales
921 1911 1006 1970 etiam
1027 1917 1093 1968 sunt
1114 1911 1161 1984 qui
1184 1913 1236 1970 suh
1255 1911 1401 1970 velamine

807 1985 955 2056 cuiusdam
984 1982 1124 2042 libertatis
1149 1983 1237 2042 libere
1265 1989 1398 2056 peccunt.

793 2097 796 2106 .
808 2058 888 2124 bem,
901 2058 1029 2112 velamen
1039 2061 1105 2112 ente
1115 2055 1219 2114 Christi
1231 2055 1331 2112 taciem
1342 2071 1398 2126 po·

810 2132 890 2196 nunt,
904 2127 953 2199 qui
968 2126 1121 2198 imaginem
1135 2127 1184 2184 [lei
1197 2125 1227 2182 in
1238 2143 1269 2183 se
1283 2125 1399 2184 selemi-

808 2216 843 2255 ne
864 2200 955 2268 culpes
978 2205 1007 2256 ot
1025 2197 1194 2270 ignorsutiae
1214 2201 1352 2270 obtegunt
1370 2203 1399 2255 et

807 2271 975 2340 obscurans
1003 2270 1072 2326 dicit
1097 2273 1174 2326 enim
1201 2273 1398 2339 hieronymus,

807 2343 883 2416 quod
901 2341 965 2400 ideo
985 2341 1115 2400 Christus
1132 2357 1184 2414 pro
1204 2340 1288 2398 nobis
1306 2339 1397 2398 velari

808 2415 906 2484 voluit,
925 2423 957 2472 ut
976 2413 1117 2472 velamine
1136 2412 1218 2471 leciri
1238 2429 1297 2470 suae
1316 2413 1396 2471 rele-

807 2502 872 2543 meu
889 2486 981 2556 culpte
995 2491 1021 2543 et
1038 2485 1208 2558 ignorantie
1227 2501 1244 2542 s
1259 2484 1397 2542 cordibus

808 2556 1397 2630 nostrissulerret;insuper,ieciemeri·

807 2630 843 2686 sti
864 2630 969 2698 velant,
989 2629 1036 2701 qui
1056 2645 1074 2686 s
1092 2629 1251 2702 semetipsis
1273 2629 1395 2700 gruttam

807 2700 979 2772 cognitionis
994 2701 1085 2774 ipsius
1102 2703 1290 2758 abscondunt.
1313 2703 1395 2770 ltem,

807 2773 905 2830 oculos
920 2772 1028 2830 llomini
1044 2772 1140 2849 omnis
1152 2771 1273 2830 videntis
1289 2773 1396 2841 velent,

807 2849 856 2974 gui
879 2845 985 2902 malum
1007 2859 1058 2916 pro
1078 2845 1153 2902 bonis
1174 2846 1241 2902 dont
1263 2845 1306 2901 vel
1326 2860 1394 2902 ren·

828 2923 886 2974 unt.
901 2947 935 2960 -
950 2915 1110 2974 Secundum
1124 2916 1327 2974 documentum
1340 2923 1394 2985 est,

807 2989 883 3062 quod
895 2993 924 3045 et
936 3003 988 3045 nos
999 2988 1135 3046 debemus
1148 2987 1292 3044 interdum
1308 2987 1395 3046 tocies

807 3068 918 3118 nostras
928 3061 1032 3125 velere,
1044 3075 1080 3116 ne
1090 3059 1165 3116 oculi
1176 3059 1267 3116 nostri
1279 3059 1396 3117 videsut

807 3132 972 3203 vanitatem,
995 3132 1155 3190 selenitem
1175 3131 1272 3188 oculos
1287 3132 1394 3190 habere

806 3204 914 3261 defixos
927 3205 955 3259 in
968 3211 1085 3274 terram,
1101 3209 1130 3261 et
1142 3203 1183 3260 sic
1195 3202 1297 3261 taciem
1312 3201 1393 3276 qussi

808 3277 913 3336 hahere
928 3275 1061 3345 velatam,
1078 3291 1113 3334 ne
1127 3277 1257 3348 capietur
1270 3275 1301 3332 in
1316 3281 1395 3332 exte·

807 3347 913 3405 riorum
930 3353 1044 3418 aspectu
1059 3353 1088 3404 et
1103 3345 1343 3420 concupiscentis.
1360 3377 1395 3390 -

806 3418 1395 3486 Adconlormandumsebuicsrticulo,re·

806 3490 913 3563 cogitet
929 3491 1024 3556 bomo,
1040 3490 1183 3562 quomodo
1202 3489 1300 3546 omnis
1318 3489 1395 3548 uude

807 3569 836 3620 et
854 3569 952 3635 operte
971 3567 1038 3619 sunt
1054 3562 1146 3619 oculis
1163 3560 1224 3630 Dei,
1243 3565 1275 3618 ut
1291 3577 1325 3619 ex
1341 3563 1395 3619 hoc

807 3635 969 3692 trahetura
985 3635 1137 3706 peccando.
1156 3635 1237 3702 ltem,
1255 3649 1395 3690 memore-

809 3715 864 3774 tur,
875 3709 1017 3776 quomodo
1030 3704 1091 3777 ipse
1105 3705 1278 3762 luminosam
1292 3705 1396 3762 taciem

808 3777 941 3850 imaginis
957 3777 1005 3834 Dei
1020 3775 1049 3834 in
1067 3793 1097 3834 se
1115 3775 1232 3840 obtexit,
1249 3781 1278 3832 et
1291 3778 1394 3834 obscu-

808 3849 880 3906 ravit
896 3848 1028 3921 peccetis.
1045 3851 1121 3918 lesu,
1139 3851 1189 3919 qui
1203 3849 1305 3916 semem
1319 3853 1395 3906 tuem

806 3923 998 3994 protissimnm
1017 3921 1105 3976 uetari
1126 3921 1251 3988 soluisti,
1270 3920 1394 3991 illustre,

808 4009 917 4064 queso,
934 3996 1035 4062 sociem
1054 3997 1130 4049 tuom
1147 4007 1230 4063 super
1248 3991 1394 4060 indipnum

807 4081 914 4122 servem
938 4070 1024 4132 tuum,
1047 4069 1072 4121 et
1092 4067 1242 4134 imnps'nem
1266 4069 1342 4122 tuum
1365 4066 1395 4119 in

807 4153 849 4192 me
862 4153 916 4194 non
928 4140 1006 4194 sinos
1017 4137 1174 4203 obscnrnri3
1188 4135 1311 4192 uelamen
1325 4151 1396 4206 qno·

808 4225 860 4278 qne
876 4211 963 4280 culpe
980 4213 1006 4264 et
1025 4211 1189 4278 inserentis
1204 4223 1223 4264 u
1237 4207 1318 4264 eorde
1337 4221 1395 4263 meo

808 4281 931 4354 dipnnis
948 4282 1067 4348 ansere.
1117 4337 1120 4340 .

846 4356 877 4410 ιι
892 4351 1090 4412 messurum
1104 4351 1226 4422 Cenem,
1238 4365 1293 4410 ose
1309 4365 1394 4408 mu-
