3124 5038
279 451 435 513 QUOMODO
464 456 608 508 utilltltts
637 413 750 513 ,ll'l'lib

139 563 170 616 et
188 575 249 615 eum
271 574 331 616 sero
350 562 407 632 jam
429 568 507 622 esset.
524 563 569 619 dte
587 565 638 620 itta
653 581 726 637 prte-

139 631 227 699 dicta,
243 631 349 688 scilicet
366 651 421 689 uno
437 635 622 700 sabbatorum.
640 635 668 693 id
684 643 727 694 est

138 707 233 776 prima
247 710 311 776 post
325 706 485 774 sibbatum,
497 723 560 777 qum
574 714 618 764 est
635 710 727 766 Domi·

139 775 215 840 nica,
233 777 285 833 truc
304 783 347 832 est
367 776 489 849 ipsamet
509 779 555 835 dre
581 781 726 838 Resurre-

138 846 244 903 ctionis
261 848 429 918 Dominicae;
444 855 470 906 et
484 853 568 918 sores.
586 851 612 907 iil
629 859 672 909 est
683 870 726 910 os·

781 460 908 520 OldOlO,
936 461 1048 515 tttnltt
1077 463 1232 518 tussire.
1325 471 1371 521 tlt

785 566 933 624 nobiscum
951 564 1128 624 habitantem
1150 565 1329 640 habebimus,
1344 571 1367 628 si

784 637 895 709 utrolies
915 639 944 696 in
975 655 1060 694 unum
1085 655 1304 712 corrgrepamur,
1334 659 1369 701 ea

784 726 846 782 quae
863 710 897 767 ad
914 711 975 783 eius
999 711 1110 767 landam
1130 716 1158 767 rt
1174 719 1302 771 nostram
1320 731 1367 772 sa-

783 783 871 839 lntem
886 782 1039 853 pertinent,
1060 782 1184 854 agimus,
1198 786 1277 854 Juxta
1292 786 1367 857 quiid
1392 791 1398 798 '

784 859 812 910 et
829 859 888 922 ipse
907 853 966 910 ait:
987 855 1039 911 Udi
1057 857 1163 921 sumini
1180 857 1234 911 duo
1251 860 1295 912 nal
1312 865 1367 914 tros

138 917 180 975 tia
194 935 258 991 quse
273 920 348 975 iores
363 921 505 990 dicuntur,
515 922 581 993 quia
591 923 627 980 de
642 926 726 982 domo
783 929 943 994 conprepott
956 929 986 982 in
1001 929 1109 982 nomine
1119 943 1186 992 meo,
1202 927 1243 983 ibi
1257 943 1317 985 sum
1337 933 1367 986 in

139 991 249 1047 ducunt
264 998 349 1060 toras,
367 999 454 1049 escant
467 996 574 1056 cloaca,
590 997 637 1050 udi
649 1003 726 1054 erum
752 1036 754 1044 ·
783 1000 873 1052 mortio
887 1014 989 1053 eorum.

139 1064 442 1134 discipuliconpreputi
453 1071 725 1138 proptermetumlu·
751 1051 754 1106 i
817 1074 833 1124 3
850 1071 936 1126 Jcsnu
955 1087 1098 1126 suscreaaa
1112 1088 1227 1128 vousnrr
1242 1089 1367 1135 ouarunn

139 1135 271 1197 aaeomm.
288 1135 363 1206 quod
383 1137 516 1194 etiamsi
534 1137 628 1194 divino
645 1156 724 1196 reve·
751 1199 753 1211 ,
781 1159 953 1200 secesseram.
972 1173 1005 1184 -—
1021 1141 1138 1209 Quando
1161 1151 1256 1200 antem
1284 1146 1367 1200 lesus

139 1205 248 1262 latrone
264 1215 307 1263 est
326 1209 358 1262 ta·
371 1211 440 1276 tum,
467 1216 497 1266 ut
524 1209 630 1266 scilicet
643 1213 725 1268 lesus
781 1214 911 1270 Salvator
925 1215 960 1269 ad
981 1213 1098 1286 discipul
1113 1230 1134 1270 s
1158 1215 1244 1280 venit,
1260 1213 1315 1286 ipsi
1330 1233 1366 1272 e-

141 1276 253 1334 intrans
270 1279 306 1334 ad
323 1279 485 1352 discipulos,
498 1281 594 1352 januis
610 1282 723 1354 clausis,
750 1277 753 1304 ¹
781 1291 846 1341 rant
862 1289 889 1342 in
911 1286 1023 1354 timore,
1039 1301 1103 1341 sero
1119 1285 1225 1343 lactrrm
1248 1293 1319 1357 erat,
1336 1288 1363 1344 in

139 1349 336 1407 manifestaret
355 1355 396 1406 eis
420 1352 552 1409 virtutem
570 1370 628 1410 suae
644 1363 723 1427 potn-
749 1352 752 1371 ¹
780 1373 868 1413 unum
892 1363 976 1414 orant
995 1357 1173 1485 congresgati
1189 1364 1217 1414 et
1236 1359 1313 1415 loros
1329 1381 1364 1415 e-

138 1422 230 1482 statis,
246 1429 272 1478 et
293 1421 408 1490 gloriosi
429 1427 471 1480 sui
488 1427 632 1498 corporis3
650 1432 724 1484 venit
780 1433 845 1485 rant
861 1429 964 1486 clausae
1002 1431 1031 1484 ln
1056 1429 1103 1501 qui
1128 1446 1160 1485 us
1178 1437 1301 1501 quatuor
1319 1430 1363 1486 in-

140 1493 278 1550 Dominus
291 1497 368 1550 lesus
392 1496 427 1552 ad
450 1513 517 1553 snos
539 1501 723 1573 discipulosa
748 1563 751 1575 Ι
779 1499 928 1558 sinuantur
947 1500 1029 1556 uobis
1049 1501 1129 1556 valde
1148 1501 1319 1572 necessaria,
1335 1509 1363 1558 nt

138 1564 281 1620 ‹tesi=.eri0
297 1583 394 1622 eorum
412 1575 537 1632 vorsatus.
554 1572 670 1630 indutus
685 1573 723 1628 al·
748 1582 751 1598 ·
780 1571 955 1628 salvatorem
966 1587 1049 1642 qrrern
1061 1577 1257 1644 exspetamus
1273 1573 1362 1629 susei-

139 1635 265 1692 bissimis
279 1637 454 1696 vestimentis
469 1641 599 1722 gloriosas
617 1647 721 1702 Resur·
748 1650 750 1711 ζ
778 1659 847 1715 pere
863 1659 1046 1700 mereamur:
1064 1641 1185 1726 primum
1197 1650 1250 1712 ost,
1266 1644 1362 1713 timor,

138 1707 273 1764 rectionis
296 1725 355 1766 suae
370 1715 398 1766 et
412 1713 555 1782 novitatis,
572 1723 596 1772 et
613 1719 722 1773 intrans
778 1714 825 1786 qui
843 1715 959 1771 domum
977 1714 1156 1772 conscientiae
1174 1715 1304 1780 mundat;
1322 1731 1362 1772 se-

136 1779 172 1834 ad
186 1795 247 1848 eos,
261 1780 355 1848 januis
369 1782 482 1844 clursis,
499 1791 574 1842 stetit
589 1791 618 1844 in
634 1790 721 1844 medio
778 1787 903 1843 cundum
921 1786 989 1843 illut
1005 1787 1068 1842 libri
1088 1786 1275 1842 Ecclesiastrci
1291 1804 1297 1844 :
1316 1787 1361 1843 m·-

139 1859 287 1919 eorum,ut
303 1853 447 1910 rideretur
460 1857 723 1931 abomnibus,quia
747 1867 750 1905 t
778 1875 838 1914 mor
864 1861 974 1914 Domini
1000 1859 1116 1930 capellit
1130 1865 1282 1930 peccatum,
1298 1875 1364 1915 nom

138 1927 302 1994 congregati
320 1933 401 1982 erant
417 1925 445 1982 in
461 1928 576 1986 nomine
588 1932 658 2002 rjus.
676 1933 721 1988 Sc·
747 1914 750 1983 i
778 1933 828 2000 qm·
844 1933 903 1986 siae
918 1931 1014 1986 timore
1029 1937 1078 1998 est,
1095 1947 1149 1985 non
1168 1933 1269 2002 poterit
1279 1930 1365 1999 justi·

136 1995 260 2051 cundum
275 1997 467 2058 Redemideo
494 2016 557 2056 sero
577 2002 720 2074 apparuit,
747 2014 749 2052 :
776 2005 873 2072 {tauris
907 2001 1063 2058 secuudum
1094 2005 1148 2070 est,
1182 2007 1363 2074 contemptus

137 2068 204 2138 quia
222 2073 290 2123 tunc
313 2067 434 2126 maxime
459 2071 550 2127 timuli
562 2079 642 2130 erant
658 2092 664 2142 ;
681 2079 720 2143 et,
746 2061 749 2123 i
777 2088 857 2129 vanae
870 2071 1062 2144 plorimquod
1074 2071 1360 2143 sisnillcaluriutroc,

138 2137 295 2195 seeundum
323 2143 512 2212 Theoptitum,
530 2147 721 2215 praestolaba-
746 2135 749 2226 ζ
777 2145 852 2214 quod
866 2160 929 2200 sero
944 2144 1048 2200 lartum
1063 2149 1135 2212 erat,
1151 2145 1186 2200 ad
1202 2159 1266 2200 eum
1283 2142 1360 2200 enim

135 2213 183 2264 tur
197 2217 229 2266 ut
243 2226 341 2267 omnes
353 2213 640 2283 convenireut;nstiis
653 2234 719 2274 vern
746 2229 748 2243 ¹
778 2215 913 2271 bonrimrs
937 2214 1024 2282 verrit,
1055 2215 1100 2272 cui
1132 2215 1178 2270 lux
1208 2215 1360 2272 murrdaoae

137 2281 251 2349 clausis,
269 2287 299 2338 ut
326 2299 356 2338 se
375 2301 423 2340 cnr
446 2301 479 2340 us
494 2287 660 2356 gloriosum,
675 2288 719 2346 cui
745 2290 747 2349 i
775 2287 875 2359 gloria
889 2285 1031 2354 occubuit,
1043 2292 1072 2343 ct
1084 2285 1131 2358 qui
1144 2302 1210 2342 vers
1221 2301 1359 2343 eamcon·

138 2351 215 2408 alind
230 2370 285 2408 non
297 2355 414 2425 resistit,
426 2301 532 2412 iinbere
545 2363 716 2416 ostenderet.
745 2394 747 2433 Ι
775 2358 894 2426 temnit3
917 2357 1033 2414 tertium
1048 2363 1101 2426 est,
1119 2356 1225 2438 unitas,
1237 2356 1305 2428 quia
1321 2373 1358 2438 ‚e-

133 2423 198 2495 lpse
220 2423 305 2481 etiam
326 2426 361 2482 ad
382 2437 569 2499 congregatos
590 2431 719 2500 renitet
745 2436 747 2452 '
775 2437 839 2486 rant
854 2429 882 2486 in
899 2429 1016 2486 caritate
1027 2434 1270 2500 congregamur
1281 2445 1359 2486 emm

136 2495 259 2567 Spiritus
286 2497 322 2553 ad
348 2507 536 2570 congregatos
561 2501 717 2573 descendit,
744 2476 747 2541 i
775 2501 869 2558 visitat
888 2501 1017 2558 Salvator
1045 2501 1177 2557 homiues
1202 2499 1358 2570 discordes,

135 2567 203 2638 quia
216 2569 343 2626 Christus
359 2579 387 2626 et
398 2573 519 2643 Spiritus
528 2573 646 2630 Sanctus
661 2591 718 2632 non
744 2550 747 2604 Ι
775 2574 849 2629 undo
866 2573 934 2629 (licit
952 2574 1123 2644 Apostolus:
1139 2575 1236 2628 Pacem
1252 2573 1358 2637 iubete,

134 2638 186 2694 nisi
209 2639 237 2695 in
263 2640 379 2698 caritate
402 2644 580 2716 congregatis
602 2645 716 2704 adsunt.
743 2618 746 2693 i
774 2650 800 2700 et
814 2649 883 2700 Deus
896 2647 975 2716 pacis
989 2648 1041 2700 erit
1055 2645 1194 2700 nobiscum
1208 2661 1214 2712 ;
1226 2653 1359 2714 quartum

135 2710 218 2767 Stetit
237 2710 266 2768 in
286 2712 392 2782 medio,
409 2719 439 2770 ut
454 2731 553 2772 omnes
570 2733 634 2774 eum
654 2734 717 2773 cer-

133 2782 323 2841 titudinaliter
347 2793 545 2857 agnoscerent,
566 2793 594 2844 et
620 2805 719 2846 omnes

135 2855 359 2913 consolationem
375 2872 433 2913 suae
479 2860 620 2916 raesenttae
645 2859 717 2916 reci·

133 2933 245 2998 pereni.
261 2930 292 2983 Et
307 2935 383 2996 nota,
398 2873 477 3000 quoi
490 2929 563 2986 sicut
578 2931 645 2986 dicit
658 2933 718 2989 Sal·

135 2999 247 3064 iustius,
265 3001 374 3056 medrus
391 3000 471 3058 locus
495 3007 538 3056 est
559 3000 716 3074 dignitatis,

134 3074 163 3127 et
177 3071 297 3127 debetur
308 3071 568 3129 honorabilioribus
581 3091 588 3141 ;
604 3081 718 3143 propter

134 3141 208 3212 quod
232 3142 358 3200 Christus
377 3143 455 3199 stetit
473 3143 501 3199 in
521 3145 613 3201 medio
633 3145 717 3201 disci-

133 3213 264 3286 pulorum
282 3231 288 3269 :
305 3214 377 3270 sicut
401 3215 442 3271 sol
468 3214 544 3271 inter
562 3216 667 3284 sidera,
687 3222 718 3273 ut

134 3299 184 3340 eos
196 3284 386 3355 illuminaret;
402 3287 475 3343 sicut
490 3289 542 3344 llus
557 3287 633 3344 inter
647 3287 716 3358 lilia,

134 3361 165 3412 ut
179 3373 229 3412 eos
248 3358 414 3428 decoraret3
431 3360 503 3414 sieut
522 3358 656 3432 princeps
671 3359 716 3416 iu·

133 3431 179 3484 ter
203 3427 317 3498 milites,
333 3437 364 3486 ut
383 3445 433 3486 eos
455 3431 620 3500 roboraret;
646 3431 718 3490 sicut

133 3500 269 3570 magister
285 3501 360 3557 inter
379 3499 588 3571 discipulusne
607 3519 657 3560 eos
672 3503 717 3560 in·
742 3512 744 3589 2

132 3570 288 3640 lormaret3
306 3571 378 3629 sieut
398 3577 480 3645 pater
495 3572 570 3630 inter
585 3575 670 3644 lilios,
685 3581 716 3632 ut
742 3606 744 3617 ·

132 3657 183 3698 eos
193 3643 377 3700 concordaret
389 3661 396 3712 ;
410 3643 539 3700 sicuteor
548 3644 623 3702 inter
632 3662 718 3704 mem·

132 3713 194 3782 bra,
210 3719 241 3770 ut
255 3729 290 3770 ea
308 3713 474 3784 vivificaret,
490 3720 519 3771 et
543 3714 615 3772 sicut
640 3733 716 3774 com·

132 3787 225 3840 munis
253 3785 370 3854 amicus,
398 3790 428 3843 ut
455 3785 588 3844 omnibus
620 3788 662 3844 eis
687 3805 717 3846 se

131 3857 367 3914 communicaret.
385 3858 475 3926 Unde,
493 3859 609 3929 quando
620 3875 717 3917 sumus

131 3927 229 3998 plures
254 3927 378 4000 aliquem
396 3929 559 4001 dilgentes,
577 3928 601 3986 si
617 3946 716 4004 super-

135 3997 253 4068 venerit,
270 3999 421 4058 statuimus
436 4017 500 4058 eum
519 4000 548 4056 in
566 4001 670 4070 medio,
687 4007 718 4059 ut

133 4070 236 4140 singuli
251 4071 396 4142 possimus
411 4073 469 4144 ejus
484 4071 539 4128 lrui
555 4075 715 4144 prasentia.

132 4141 182 4196 Est
196 4147 291 4198 autem
305 4143 343 4198 ibi
360 4143 450 4200 altare
468 4143 496 4199 in
512 4143 574 4200 loeo
592 4144 639 4200 ubi
656 4147 716 4202 De-

133 4215 229 4269 mtuus
244 4213 348 4269 dicitur
363 4221 429 4270 tunc
441 4215 562 4271 stetisse.
584 4215 717 4272 Conside-

134 4285 256 4342 randum
281 4291 325 4341 est
347 4283 402 4350 hie,
432 4287 507 4357 quod
526 4287 560 4342 de
581 4303 611 4343 se
629 4287 717 4344 collo-

155 4355 297 4424 uentibus,
313 4355 448 4412 Dominus
458 4357 487 4412 in
498 4357 591 4415 medio
604 4358 716 4415 stetisse

154 4425 247 4495 'citum
276 4435 305 4483 ut
330 4427 531 4500 intelligamus
559 4429 623 4501 qnia
651 4446 714 4487 euin
741 4412 744 4446 ⁴

774 2722 829 2784 est,
850 2715 1000 2782 stabilitas,
1021 2731 1077 2786 qua
1094 2714 1197 2787 aliquis
1225 2714 1255 2770 in
1274 2715 1359 2772 domo

773 2787 954 2844 conscientia
969 2793 1076 2856 manet,
1091 2803 1147 2843 neu
1162 2785 1273 2843 curiose
1284 2795 1358 2844 exte·

774 2857 834 2914 rius
853 2857 1012 2926 evagando,
1028 2858 1105 2914 unde
1124 2858 1200 2914 iures
1224 2873 1359 2914 sensuum

774 2929 938 2985 claudenda
953 2938 1030 2994 sunt,
1050 2935 1079 2984 et
1099 2928 1139 2984 sio
1165 2927 1295 2984 Salvator
1315 2934 1360 2985 cst

773 3000 988 3072 exspectandus.
1006 2999 1061 3055 Per
1076 2998 1221 3056 istusvvro
1234 2999 1357 3070 discipu-

773 3072 827 3140 los,
845 3075 872 3128 in
900 3087 988 3128 tinum
1019 3071 1127 3127 loribus
1153 3070 1268 3138 clausis,
1294 3087 1358 3128 cun·

773 3149 917 3216 gregatos,
933 3141 1130 3214 significantur
1148 3141 1274 3268 retifiosi
1292 3158 1355 3200 cum

773 3215 883 3272 loribus
898 3216 1024 3286 qtrinque
1039 3229 1172 3270 sensuum
1186 3230 1201 3268 c
1213 3212 1285 3280 ausi,
1297 3213 1357 3286 qui-

773 3289 826 3344 bus
847 3286 984 3344 Dominus
1007 3301 1082 3358 saepe
1104 3289 1233 3358 apparet,
1249 3301 1355 3354 eosque

774 3375 825 3415 sua
839 3356 1000 3414 visitatione
1010 3356 1209 3413 consolaturet
1219 3355 1354 3414 laetificat.

808 3431 895 3499 tCua
912 3431 1036 3486 liburnus
1054 3445 1161 3485 nrxsnrr
1183 3445 1329 3485 mscrrums
1349 3445 1357 3482 ι

774 3503 831 3559 Pax
846 3501 946 3559 vonis?
973 3530 984 3537 -
1004 3505 1040 3560 Et
1054 3502 1130 3557 dixit
1145 3502 1184 3556 eis
1199 3499 1353 3558 Dominus:

773 3577 834 3630 Pau
844 3575 934 3642 votis,
945 3589 1003 3629 non
1012 3589 1062 3644 pax
1074 3569 1221 3640 temporis,
1229 3569 1296 3654 quia
1308 3587 1356 3628 ex-

773 3643 897 3718 ponendi
910 3648 992 3702 erant
1005 3644 1100 3701 multis
1112 3643 1357 3725 tribulationibus,

774 3717 824 3773 sed
842 3733 893 3788 pax
909 3715 1031 3788 pectoris
1049 3719 1076 3772 et
1096 3730 1150 3786 pax
1165 3719 1356 3796 aetermtatrs:

774 3787 865 3860 prima
877 3789 903 3844 in
916 3785 1193 3858 praesenti,secunda
1207 3801 1237 3841 m
1251 3785 1357 3843 luturn.

775 3861 815 3916 De
827 3863 946 3931 utraque
958 3856 1062 3913 dieitur
1073 3857 1101 3912 in
1114 3858 1237 3914 loanne:
1250 3859 1358 3923 Pacem,

775 3930 883 3988 scilicet
909 3927 1045 4001 pectoris,
1070 3929 1196 4000 relinquo
1216 3929 1304 3999 uobis,
1330 3931 1359 3986 in

776 4000 909 4073 praesenti
919 4017 926 4068 ;
936 4017 1032 4072 paoem
1042 4017 1140 4064 meum,
1154 3999 1262 4057 seilicet
1274 4008 1359 4057 aeter-

776 4071 886 4141 nitatis,
902 4088 966 4144 quae
981 4071 1201 4144 estspecialiter
1211 4088 1272 4153 ¹pan
1284 4087 1358 4141 mea,

775 4145 810 4200 do
820 4147 907 4208 notra,
921 4143 950 4200 id
964 4153 1007 4200 est
1020 4145 1075 4200 cito
1085 4143 1170 4200 dabo.
1185 4143 1258 4199 Dicit
1269 4159 1356 4224 ergo:

774 4219 837 4272 Pom
863 4216 949 4274 nobb.
973 4215 1081 4272 scilicet
1107 4213 1358 4294 reconciliationis,

775 4303 861 4358 quam
882 4289 916 4343 ad
934 4288 1022 4343 Deum
1040 4287 1143 4344 laetam
1159 4287 1311 4364 nuntiavit,
1326 4299 1358 4340 ae

776 4357 903 4414 caritatis
929 4364 957 4414 et
982 4359 1107 4424 unitatis,
1127 4373 1211 4428 quim
1237 4372 1277 4410 ers
1297 4369 1359 4436 ser-

775 4433 896 4486 vandam
923 4427 1217 4501 praecepiebamus
1245 4431 1356 4482 osterm-
