<?xml version="1.0" encoding="UTF-8"?>
<!DOCTYPE html PUBLIC "-//W3C//DTD XHTML 1.0 Transitional//EN"
    "http://www.w3.org/TR/xhtml1/DTD/xhtml1-transitional.dtd">
<html xmlns="http://www.w3.org/1999/xhtml" xml:lang="en" lang="en">
 <head>
  <title>
</title>
<meta http-equiv="Content-Type" content="text/html;charset=utf-8" />
  <meta name='ocr-system' content='tesseract 3.04.00' />
  <meta name='ocr-capabilities' content='ocr_page ocr_carea ocr_par ocr_line ocrx_word'/>
</head>
<body>
  <div class='ocr_page' id='page_1' title='image "./vitajesuchristi03ludogoog/vitajesuchristi03ludogoog_0047.png"; bbox 0 0 3036 5042; ppageno 0'>
   <div class='ocr_carea' id='block_1_1' title="bbox 206 427 1120 492">
    <p class='ocr_par' dir='ltr' id='par_1_1' title="bbox 206 427 1120 492">
     <span class='ocr_line' id='line_1_1' title="bbox 206 427 1120 492; baseline -0.002 -9"><span class='ocrx_word' id='word_1_1' title='bbox 206 439 237 492; x_wconf 84' lang='grc'><strong>36</strong></span> <span class='ocrx_word' id='word_1_2' title='bbox 574 427 729 482; x_wconf 75' lang='lat' dir='ltr'>SECUNDAE</span> <span class='ocrx_word' id='word_1_3' title='bbox 757 429 875 484; x_wconf 78' lang='lat' dir='ltr'><strong>PbleS</strong></span> <span class='ocrx_word' id='word_1_4' title='bbox 902 430 1004 482; x_wconf 71' lang='lat' dir='ltr'><strong>carus</strong></span> <span class='ocrx_word' id='word_1_5' title='bbox 1033 429 1074 482; x_wconf 82' lang='lat' dir='ltr'><strong>tx</strong></span> <span class='ocrx_word' id='word_1_6' title='bbox 1117 449 1120 454; x_wconf 92' lang='lat'><em>·</em></span> 
     </span>
    </p>
   </div>
   <div class='ocr_carea' id='block_1_2' title="bbox 152 536 792 4472">
    <p class='ocr_par' dir='ltr' id='par_1_2' title="bbox 205 536 790 1400">
     <span class='ocr_line' id='line_1_2' title="bbox 206 536 788 615; baseline -0.021 -10"><span class='ocrx_word' id='word_1_7' title='bbox 206 536 788 615; x_wconf 85' lang='lat' dir='ltr'><strong>ait‚medediscipulismeis,interrogas‘l</strong></span> 
     </span>
     <span class='ocr_line' id='line_1_3' title="bbox 207 607 786 688; baseline -0.021 -13"><span class='ocrx_word' id='word_1_8' title='bbox 207 621 354 688; x_wconf 88' lang='lat' dir='ltr'><strong>interroga</strong></span> <span class='ocrx_word' id='word_1_9' title='bbox 372 611 502 669; x_wconf 89' lang='lat' dir='ltr'><strong>inimicos</strong></span> <span class='ocrx_word' id='word_1_10' title='bbox 529 624 617 678; x_wconf 91' lang='lat' dir='ltr'><strong>meos,</strong></span> <span class='ocrx_word' id='word_1_11' title='bbox 644 607 692 680; x_wconf 79' lang='lat' dir='ltr'><strong>qui</strong></span> <span class='ocrx_word' id='word_1_12' title='bbox 716 607 786 664; x_wconf 91' lang='lat' dir='ltr'><strong>insi·</strong></span> 
     </span>
     <span class='ocr_line' id='line_1_4' title="bbox 206 679 787 754; baseline -0.021 -7"><span class='ocrx_word' id='word_1_13' title='bbox 206 689 322 748; x_wconf 88' lang='lat' dir='ltr'><strong>diantur</strong></span> <span class='ocrx_word' id='word_1_14' title='bbox 344 684 425 754; x_wconf 91' lang='lat' dir='ltr'><strong>mihi,</strong></span> <span class='ocrx_word' id='word_1_15' title='bbox 442 682 470 740; x_wconf 93' lang='lat' dir='ltr'><strong>hi</strong></span> <span class='ocrx_word' id='word_1_16' title='bbox 494 681 599 738; x_wconf 88' lang='lat' dir='ltr'><strong>dicant.</strong></span> <span class='ocrx_word' id='word_1_17' title='bbox 627 681 692 737; x_wconf 81' lang='lat' dir='ltr'><strong>Haec</strong></span> <span class='ocrx_word' id='word_1_18' title='bbox 710 679 787 736; x_wconf 91' lang='lat' dir='ltr'><strong>enim</strong></span> 
     </span>
     <span class='ocr_line' id='line_1_5' title="bbox 205 751 788 819; baseline -0.019 0"><span class='ocrx_word' id='word_1_19' title='bbox 205 766 250 819; x_wconf 90' lang='lat' dir='ltr'><strong>est</strong></span> <span class='ocrx_word' id='word_1_20' title='bbox 263 751 788 816; x_wconf 83' lang='lat' dir='ltr'><strong>veritatisinaltereabilisdemonstra-</strong></span> 
     </span>
     <span class='ocr_line' id='line_1_6' title="bbox 205 823 788 902; baseline -0.017 -13"><span class='ocrx_word' id='word_1_21' title='bbox 205 833 256 896; x_wconf 87' lang='lat' dir='ltr'><strong>tio,</strong></span> <span class='ocrx_word' id='word_1_22' title='bbox 271 845 335 888; x_wconf 87' lang='lat' dir='ltr'><strong>cum</strong></span> <span class='ocrx_word' id='word_1_23' title='bbox 349 826 452 900; x_wconf 81' lang='lat' dir='ltr'><strong>aliquis</strong></span> <span class='ocrx_word' id='word_1_24' title='bbox 465 823 595 881; x_wconf 88' lang='lat' dir='ltr'><strong>inimicos</strong></span> <span class='ocrx_word' id='word_1_25' title='bbox 609 837 709 902; x_wconf 80' lang='lat' dir='ltr'><strong>eprum</strong></span> <span class='ocrx_word' id='word_1_26' title='bbox 724 839 788 895; x_wconf 81' lang='lat' dir='ltr'><strong>quae</strong></span> 
     </span>
     <span class='ocr_line' id='line_1_7' title="bbox 206 893 788 966; baseline -0.017 -6"><span class='ocrx_word' id='word_1_27' title='bbox 206 903 275 960; x_wconf 88' lang='lat' dir='ltr'><strong>dirit</strong></span> <span class='ocrx_word' id='word_1_28' title='bbox 288 901 401 958; x_wconf 87' lang='lat' dir='ltr'><strong>invocat</strong></span> <span class='ocrx_word' id='word_1_29' title='bbox 416 903 501 954; x_wconf 89' lang='lat' dir='ltr'><strong>testes</strong></span> <span class='ocrx_word' id='word_1_30' title='bbox 521 895 614 966; x_wconf 87' lang='lat' dir='ltr'><strong>ipsos;</strong></span> <span class='ocrx_word' id='word_1_31' title='bbox 631 902 671 950; x_wconf 85' lang='lat' dir='ltr'><strong>rta</strong></span> <span class='ocrx_word' id='word_1_32' title='bbox 687 893 788 950; x_wconf 82' lang='lat' dir='ltr'><strong>Domi-</strong></span> 
     </span>
     <span class='ocr_line' id='line_1_8' title="bbox 206 963 788 1043; baseline -0.015 -12"><span class='ocrx_word' id='word_1_33' title='bbox 206 991 258 1031; x_wconf 87' lang='lat' dir='ltr'><strong>nus</strong></span> <span class='ocrx_word' id='word_1_34' title='bbox 271 969 486 1043; x_wconf 81' lang='lat' dir='ltr'><strong>responsionem</strong></span> <span class='ocrx_word' id='word_1_35' title='bbox 505 963 723 1038; x_wconf 69' lang='lat' dir='ltr'><strong>temperavitml</strong></span> <span class='ocrx_word' id='word_1_36' title='bbox 741 982 788 1022; x_wconf 91' lang='lat' dir='ltr'><strong>ve-</strong></span> 
     </span>
     <span class='ocr_line' id='line_1_9' title="bbox 206 1037 789 1107; baseline -0.017 -5"><span class='ocrx_word' id='word_1_37' title='bbox 206 1046 321 1102; x_wconf 77' lang='lat' dir='ltr'><strong>ritatem</strong></span> <span class='ocrx_word' id='word_1_38' title='bbox 338 1047 454 1107; x_wconf 84' lang='lat' dir='ltr'><strong>tareret,</strong></span> <span class='ocrx_word' id='word_1_39' title='bbox 474 1055 510 1095; x_wconf 90' lang='lat' dir='ltr'><strong>ne</strong></span> <span class='ocrx_word' id='word_1_40' title='bbox 526 1055 557 1095; x_wconf 87' lang='lat' dir='ltr'><strong>se</strong></span> <span class='ocrx_word' id='word_1_41' title='bbox 581 1037 735 1094; x_wconf 77' lang='lat' dir='ltr'>defendere</span> <span class='ocrx_word' id='word_1_42' title='bbox 750 1038 789 1092; x_wconf 88' lang='lat' dir='ltr'><strong>vi·</strong></span> 
     </span>
     <span class='ocr_line' id='line_1_10' title="bbox 206 1109 788 1182; baseline -0.021 -7"><span class='ocrx_word' id='word_1_43' title='bbox 206 1118 334 1182; x_wconf 88' lang='lat' dir='ltr'><strong>deretur,</strong></span> <span class='ocrx_word' id='word_1_44' title='bbox 354 1113 425 1169; x_wconf 77' lang='lat' dir='ltr'><strong>daris</strong></span> <span class='ocrx_word' id='word_1_45' title='bbox 439 1109 521 1167; x_wconf 92' lang='lat' dir='ltr'><strong>nobis</strong></span> <span class='ocrx_word' id='word_1_46' title='bbox 537 1109 657 1165; x_wconf 78' lang='lat' dir='ltr'><strong>formam</strong></span> <span class='ocrx_word' id='word_1_47' title='bbox 673 1113 788 1180; x_wconf 89' lang='lat' dir='ltr'><strong>tempe-</strong></span> 
     </span>
     <span class='ocr_line' id='line_1_11' title="bbox 207 1179 788 1258; baseline -0.015 -14"><span class='ocrx_word' id='word_1_48' title='bbox 207 1192 266 1244; x_wconf 87' lang='lat' dir='ltr'><strong>rate</strong></span> <span class='ocrx_word' id='word_1_49' title='bbox 283 1183 472 1258; x_wconf 89' lang='lat' dir='ltr'><strong>respondendi</strong></span> <span class='ocrx_word' id='word_1_50' title='bbox 488 1179 627 1249; x_wconf 83' lang='lat' dir='ltr'><strong>hostibus,</strong></span> <span class='ocrx_word' id='word_1_51' title='bbox 641 1179 680 1236; x_wconf 91' lang='lat' dir='ltr'><strong>ita</strong></span> <span class='ocrx_word' id='word_1_52' title='bbox 694 1189 724 1236; x_wconf 92' lang='lat' dir='ltr'><strong>ut</strong></span> <span class='ocrx_word' id='word_1_53' title='bbox 736 1197 788 1236; x_wconf 90' lang='lat' dir='ltr'><strong>nec</strong></span> 
     </span>
     <span class='ocr_line' id='line_1_12' title="bbox 206 1257 790 1323; baseline -0.01 -9"><span class='ocrx_word' id='word_1_54' title='bbox 206 1257 356 1316; x_wconf 88' lang='lat' dir='ltr'><strong>veritatem</strong></span> <span class='ocrx_word' id='word_1_55' title='bbox 380 1258 513 1323; x_wconf 86' lang='lat' dir='ltr'><strong>celemus,</strong></span> <span class='ocrx_word' id='word_1_56' title='bbox 536 1267 589 1308; x_wconf 90' lang='lat' dir='ltr'><strong>nec</strong></span> <span class='ocrx_word' id='word_1_57' title='bbox 615 1267 664 1308; x_wconf 88' lang='lat' dir='ltr'><strong>eos</strong></span> <span class='ocrx_word' id='word_1_58' title='bbox 689 1257 790 1309; x_wconf 90' lang='lat' dir='ltr'><strong>contra</strong></span> 
     </span>
     <span class='ocr_line' id='line_1_13' title="bbox 206 1327 609 1400; baseline -0.035 -12"><span class='ocrx_word' id='word_1_59' title='bbox 206 1346 259 1388; x_wconf 88' lang='lat' dir='ltr'><strong>nos</strong></span> <span class='ocrx_word' id='word_1_60' title='bbox 279 1327 361 1386; x_wconf 88' lang='lat' dir='ltr'><strong>dictis</strong></span> <span class='ocrx_word' id='word_1_61' title='bbox 379 1339 577 1400; x_wconf 89' lang='lat' dir='ltr'><strong>provocemus.</strong></span> <span class='ocrx_word' id='word_1_62' title='bbox 595 1341 609 1374; x_wconf 82' lang='lat' dir='ltr'><strong>n</strong></span> 
     </span>
    </p>

    <p class='ocr_par' dir='ltr' id='par_1_3' title="bbox 152 1396 792 4472">
     <span class='ocr_line' id='line_1_14' title="bbox 244 1396 790 1458; baseline -0.015 0"><span class='ocrx_word' id='word_1_63' title='bbox 244 1423 258 1458; x_wconf 83' lang='lat' dir='ltr'><strong>a</strong></span> <span class='ocrx_word' id='word_1_64' title='bbox 278 1401 448 1457; x_wconf 77' lang='lat' dir='ltr'><strong>Anartzarua</strong></span> <span class='ocrx_word' id='word_1_65' title='bbox 460 1399 592 1452; x_wconf 84' lang='lat' dir='ltr'><strong>Dovrrvus.</strong></span> <span class='ocrx_word' id='word_1_66' title='bbox 610 1424 645 1436; x_wconf 89' lang='lat'>-</span> <span class='ocrx_word' id='word_1_67' title='bbox 661 1396 722 1450; x_wconf 77' lang='lat' dir='ltr'><strong>Haec</strong></span> <span class='ocrx_word' id='word_1_68' title='bbox 736 1409 790 1450; x_wconf 84' lang='lat' dir='ltr'><strong>cu·</strong></span> 
     </span>
     <span class='ocr_line' id='line_1_15' title="bbox 207 1467 792 1537; baseline -0.017 -7"><span class='ocrx_word' id='word_1_69' title='bbox 207 1478 260 1530; x_wconf 88' lang='lat' dir='ltr'><strong>tem</strong></span> <span class='ocrx_word' id='word_1_70' title='bbox 270 1489 330 1529; x_wconf 85' lang='lat' dir='ltr'><strong>cnm</strong></span> <span class='ocrx_word' id='word_1_71' title='bbox 341 1472 472 1537; x_wconf 71' lang='lat' dir='ltr'><strong>dixisset,</strong></span> <span class='ocrx_word' id='word_1_72' title='bbox 481 1482 552 1522; x_wconf 82' lang='lat' dir='ltr'><strong>unus</strong></span> <span class='ocrx_word' id='word_1_73' title='bbox 563 1468 695 1522; x_wconf 80' lang='lat' dir='ltr'><strong>assistens</strong></span> <span class='ocrx_word' id='word_1_74' title='bbox 708 1467 792 1520; x_wconf 85' lang='lat' dir='ltr'><strong>mini-</strong></span> 
     </span>
     <span class='ocr_line' id='line_1_16' title="bbox 206 1535 790 1609; baseline -0.014 -9"><span class='ocrx_word' id='word_1_75' title='bbox 206 1551 327 1600; x_wconf 85' lang='lat' dir='ltr'><strong>strorum</strong></span> <span class='ocrx_word' id='word_1_76' title='bbox 346 1540 504 1606; x_wconf 70' lang='lat' dir='ltr'><strong>pontiacis,</strong></span> <span class='ocrx_word' id='word_1_77' title='bbox 520 1539 566 1609; x_wconf 89' lang='lat' dir='ltr'><strong>qui</strong></span> <span class='ocrx_word' id='word_1_78' title='bbox 582 1537 688 1593; x_wconf 88' lang='lat' dir='ltr'><strong>dicitur</strong></span> <span class='ocrx_word' id='word_1_79' title='bbox 703 1535 790 1592; x_wconf 87' lang='lat' dir='ltr'><strong>luisse</strong></span> 
     </span>
     <span class='ocr_line' id='line_1_17' title="bbox 207 1607 789 1684; baseline -0.014 -12"><span class='ocrx_word' id='word_1_80' title='bbox 207 1616 345 1683; x_wconf 81' lang='lat' dir='ltr'><strong>Metabus,</strong></span> <span class='ocrx_word' id='word_1_81' title='bbox 361 1613 441 1684; x_wconf 83' lang='lat' dir='ltr'><strong>etrjus</strong></span> <span class='ocrx_word' id='word_1_82' title='bbox 455 1613 606 1667; x_wconf 76' lang='lat' dir='ltr'><strong>sanaverat</strong></span> <span class='ocrx_word' id='word_1_83' title='bbox 620 1607 789 1676; x_wconf 79' lang='lat' dir='ltr'><strong>auriculam,</strong></span> 
     </span>
     <span class='ocr_line' id='line_1_18' title="bbox 207 1680 789 1760; baseline -0.022 -14"><span class='ocrx_word' id='word_1_84' title='bbox 207 1687 337 1760; x_wconf 88' lang='lat' dir='ltr'><strong>ingratus</strong></span> <span class='ocrx_word' id='word_1_85' title='bbox 350 1683 457 1756; x_wconf 87' lang='lat' dir='ltr'><strong>accepti</strong></span> <span class='ocrx_word' id='word_1_86' title='bbox 472 1680 615 1748; x_wconf 77' lang='lat' dir='ltr'><strong>beneficii,</strong></span> <span class='ocrx_word' id='word_1_87' title='bbox 629 1695 789 1752; x_wconf 76' lang='lat' dir='ltr'><strong>repraesen-</strong></span> 
     </span>
     <span class='ocr_line' id='line_1_19' title="bbox 207 1749 791 1828; baseline -0.014 -14"><span class='ocrx_word' id='word_1_88' title='bbox 207 1764 272 1815; x_wconf 88' lang='lat' dir='ltr'><strong>tans</strong></span> <span class='ocrx_word' id='word_1_89' title='bbox 281 1771 428 1828; x_wconf 87' lang='lat' dir='ltr'><strong>perversos</strong></span> <span class='ocrx_word' id='word_1_90' title='bbox 439 1753 487 1826; x_wconf 84' lang='lat' dir='ltr'><strong>qui</strong></span> <span class='ocrx_word' id='word_1_91' title='bbox 498 1751 643 1808; x_wconf 73' lang='lat' dir='ltr'><strong>beneflciis</strong></span> <span class='ocrx_word' id='word_1_92' title='bbox 655 1749 791 1822; x_wconf 84' lang='lat' dir='ltr'><strong>impensis</strong></span> 
     </span>
     <span class='ocr_line' id='line_1_20' title="bbox 207 1823 790 1897; baseline -0.021 -10"><span class='ocrx_word' id='word_1_93' title='bbox 207 1829 283 1887; x_wconf 89' lang='lat' dir='ltr'><strong>mala</strong></span> <span class='ocrx_word' id='word_1_94' title='bbox 302 1825 472 1897; x_wconf 83' lang='lat' dir='ltr'><strong>rependunt,</strong></span> <span class='ocrx_word' id='word_1_95' title='bbox 491 1824 568 1880; x_wconf 82' lang='lat' dir='ltr'><strong>dedit</strong></span> <span class='ocrx_word' id='word_1_96' title='bbox 588 1824 701 1892; x_wconf 85' lang='lat' dir='ltr'><strong>alapam</strong></span> <span class='ocrx_word' id='word_1_97' title='bbox 715 1823 790 1889; x_wconf 78' lang='lat' dir='ltr'><strong>lesa,</strong></span> 
     </span>
     <span class='ocr_line' id='line_1_21' title="bbox 207 1893 791 1968; baseline -0.014 -11"><span class='ocrx_word' id='word_1_98' title='bbox 207 1901 301 1957; x_wconf 85' lang='lat' dir='ltr'><strong>dicens</strong></span> <span class='ocrx_word' id='word_1_99' title='bbox 316 1919 325 1955; x_wconf 82' lang='lat' dir='ltr'><strong>r</strong></span> <span class='ocrx_word' id='word_1_100' title='bbox 338 1901 385 1956; x_wconf 86' lang='lat' dir='ltr'><strong>Sir</strong></span> <span class='ocrx_word' id='word_1_101' title='bbox 407 1895 554 1968; x_wconf 79' lang='lat' dir='ltr'><strong>respondes</strong></span> <span class='ocrx_word' id='word_1_102' title='bbox 569 1895 720 1964; x_wconf 69' lang='lat' dir='ltr'><strong>Pontifici?</strong></span> <span class='ocrx_word' id='word_1_103' title='bbox 742 1893 791 1949; x_wconf 89' lang='lat' dir='ltr'><strong>ille</strong></span> 
     </span>
     <span class='ocr_line' id='line_1_22' title="bbox 207 1963 792 2036; baseline -0.015 -7"><span class='ocrx_word' id='word_1_104' title='bbox 207 1971 282 2030; x_wconf 92' lang='lat' dir='ltr'><strong>euim</strong></span> <span class='ocrx_word' id='word_1_105' title='bbox 299 1969 426 2026; x_wconf 88' lang='lat' dir='ltr'><strong>minister</strong></span> <span class='ocrx_word' id='word_1_106' title='bbox 440 1965 555 2024; x_wconf 86' lang='lat' dir='ltr'><strong>sceleris</strong></span> <span class='ocrx_word' id='word_1_107' title='bbox 574 1964 668 2021; x_wconf 89' lang='lat' dir='ltr'><strong>taliter</strong></span> <span class='ocrx_word' id='word_1_108' title='bbox 682 1963 792 2036; x_wconf 89' lang='lat' dir='ltr'><strong>accepit</strong></span> 
     </span>
     <span class='ocr_line' id='line_1_23' title="bbox 207 2035 791 2114; baseline -0.015 -13"><span class='ocrx_word' id='word_1_109' title='bbox 207 2041 421 2114; x_wconf 81' lang='lat' dir='ltr'><strong>responsionem</strong></span> <span class='ocrx_word' id='word_1_110' title='bbox 445 2042 532 2106; x_wconf 86' lang='lat' dir='ltr'><strong>iesu,</strong></span> <span class='ocrx_word' id='word_1_111' title='bbox 561 2035 642 2108; x_wconf 87' lang='lat' dir='ltr'><strong>quasi</strong></span> <span class='ocrx_word' id='word_1_112' title='bbox 666 2040 791 2092; x_wconf 71' lang='lat' dir='ltr'><strong>notasset</strong></span> 
     </span>
     <span class='ocr_line' id='line_1_24' title="bbox 208 2109 790 2180; baseline -0.015 -8"><span class='ocrx_word' id='word_1_113' title='bbox 208 2113 376 2172; x_wconf 88' lang='lat' dir='ltr'><strong>Pontitlcem</strong></span> <span class='ocrx_word' id='word_1_114' title='bbox 392 2111 429 2169; x_wconf 90' lang='lat' dir='ltr'><strong>de</strong></span> <span class='ocrx_word' id='word_1_115' title='bbox 448 2110 535 2168; x_wconf 89' lang='lat' dir='ltr'><strong>stulta</strong></span> <span class='ocrx_word' id='word_1_116' title='bbox 554 2109 790 2180; x_wconf 77' lang='lat' dir='ltr'><strong>interrogatione,</strong></span> 
     </span>
     <span class='ocr_line' id='line_1_25' title="bbox 207 2179 791 2306; baseline -0.017 -62"><span class='ocrx_word' id='word_1_117' title='bbox 207 2193 236 2244; x_wconf 92' lang='lat' dir='ltr'><strong>et</strong></span> <span class='ocrx_word' id='word_1_118' title='bbox 259 2187 331 2243; x_wconf 90' lang='lat' dir='ltr'><strong>dans</strong></span> <span class='ocrx_word' id='word_1_119' title='bbox 357 2183 410 2241; x_wconf 90' lang='lat' dir='ltr'><strong>sibi</strong></span> <span class='ocrx_word' id='word_1_120' title='bbox 435 2185 558 2265; x_wconf 88' lang='lat' dir='ltr'><strong>alapam,</strong></span> <span class='ocrx_word' id='word_1_121' title='bbox 584 2181 620 2238; x_wconf 86' lang='lat' dir='ltr'><strong>ad</strong></span> <span class='ocrx_word' id='word_1_122' title='bbox 641 2179 791 2306; x_wconf 61' lang='lat' dir='ltr'><strong>imprope-</strong></span> 
     </span>
     <span class='ocr_line' id='line_1_26' title="bbox 205 2252 788 2327; baseline -0.019 -11"><span class='ocrx_word' id='word_1_123' title='bbox 205 2259 291 2327; x_wconf 89' lang='lat' dir='ltr'><strong>rium,</strong></span> <span class='ocrx_word' id='word_1_124' title='bbox 311 2256 401 2316; x_wconf 89' lang='lat' dir='ltr'><strong>voiuit</strong></span> <span class='ocrx_word' id='word_1_125' title='bbox 413 2256 559 2311; x_wconf 77' lang='lat' dir='ltr'><strong>vindicare</strong></span> <span class='ocrx_word' id='word_1_126' title='bbox 575 2252 649 2324; x_wconf 87' lang='lat' dir='ltr'><strong>quod</strong></span> <span class='ocrx_word' id='word_1_127' title='bbox 663 2268 680 2323; x_wconf 92' lang='lat' dir='ltr'><strong>p</strong></span> <span class='ocrx_word' id='word_1_128' title='bbox 692 2252 788 2308; x_wconf 81' lang='lat' dir='ltr'><strong>scabr-</strong></span> 
     </span>
     <span class='ocr_line' id='line_1_27' title="bbox 207 2321 790 2398; baseline -0.015 -12"><span class='ocrx_word' id='word_1_129' title='bbox 207 2329 273 2386; x_wconf 80' lang='lat' dir='ltr'><strong>lvter</strong></span> <span class='ocrx_word' id='word_1_130' title='bbox 287 2345 345 2385; x_wconf 91' lang='lat' dir='ltr'><strong>non</strong></span> <span class='ocrx_word' id='word_1_131' title='bbox 357 2329 543 2398; x_wconf 87' lang='lat' dir='ltr'><strong>responderat</strong></span> <span class='ocrx_word' id='word_1_132' title='bbox 555 2321 696 2390; x_wconf 80' lang='lat' dir='ltr'><strong>Pontifici,</strong></span> <span class='ocrx_word' id='word_1_133' title='bbox 708 2321 790 2391; x_wconf 90' lang='lat' dir='ltr'><strong>plane</strong></span> 
     </span>
     <span class='ocr_line' id='line_1_28' title="bbox 207 2392 789 2467; baseline -0.017 -9"><span class='ocrx_word' id='word_1_134' title='bbox 207 2399 381 2466; x_wconf 79' lang='lat' dir='ltr'><strong>confitendo,</strong></span> <span class='ocrx_word' id='word_1_135' title='bbox 398 2397 441 2452; x_wconf 87' lang='lat' dir='ltr'><strong>vel</strong></span> <span class='ocrx_word' id='word_1_136' title='bbox 459 2395 589 2467; x_wconf 85' lang='lat' dir='ltr'><strong>negando</strong></span> <span class='ocrx_word' id='word_1_137' title='bbox 602 2410 608 2461; x_wconf 92' lang='lat'>;</span> <span class='ocrx_word' id='word_1_138' title='bbox 622 2392 692 2464; x_wconf 85' lang='lat' dir='ltr'><strong>quia</strong></span> <span class='ocrx_word' id='word_1_139' title='bbox 706 2395 789 2464; x_wconf 81' lang='lat' dir='ltr'><strong>alapa</strong></span> 
     </span>
     <span class='ocr_line' id='line_1_29' title="bbox 207 2463 789 2542; baseline -0.021 -12"><span class='ocrx_word' id='word_1_140' title='bbox 207 2477 240 2530; x_wconf 93' lang='lat' dir='ltr'><strong>ut</strong></span> <span class='ocrx_word' id='word_1_141' title='bbox 263 2469 415 2542; x_wconf 92' lang='lat' dir='ltr'><strong>plurimum</strong></span> <span class='ocrx_word' id='word_1_142' title='bbox 435 2483 487 2539; x_wconf 93' lang='lat' dir='ltr'><strong>pro</strong></span> <span class='ocrx_word' id='word_1_143' title='bbox 505 2463 680 2520; x_wconf 82' lang='lat' dir='ltr'><strong>vindicandis</strong></span> <span class='ocrx_word' id='word_1_144' title='bbox 698 2463 789 2520; x_wconf 84' lang='lat' dir='ltr'><strong>olien-</strong></span> 
     </span>
     <span class='ocr_line' id='line_1_30' title="bbox 208 2535 790 2599; baseline -0.015 0"><span class='ocrx_word' id='word_1_145' title='bbox 208 2541 336 2599; x_wconf 89' lang='lat' dir='ltr'><strong>siouibus</strong></span> <span class='ocrx_word' id='word_1_146' title='bbox 351 2541 500 2595; x_wconf 85' lang='lat' dir='ltr'><strong>verborum</strong></span> <span class='ocrx_word' id='word_1_147' title='bbox 516 2535 588 2592; x_wconf 90' lang='lat' dir='ltr'><strong>solet</strong></span> <span class='ocrx_word' id='word_1_148' title='bbox 603 2535 675 2591; x_wconf 91' lang='lat' dir='ltr'><strong>dari.</strong></span> <span class='ocrx_word' id='word_1_149' title='bbox 692 2536 722 2590; x_wconf 90' lang='lat' dir='ltr'><strong>ln</strong></span> <span class='ocrx_word' id='word_1_150' title='bbox 738 2536 790 2591; x_wconf 89' lang='lat' dir='ltr'><strong>bac</strong></span> 
     </span>
     <span class='ocr_line' id='line_1_31' title="bbox 208 2605 789 2682; baseline -0.014 -12"><span class='ocrx_word' id='word_1_151' title='bbox 208 2613 291 2678; x_wconf 88' lang='lat' dir='ltr'><strong>alapa</strong></span> <span class='ocrx_word' id='word_1_152' title='bbox 319 2609 436 2682; x_wconf 90' lang='lat' dir='ltr'><strong>impleta</strong></span> <span class='ocrx_word' id='word_1_153' title='bbox 464 2614 505 2664; x_wconf 88' lang='lat' dir='ltr'><strong>est</strong></span> <span class='ocrx_word' id='word_1_154' title='bbox 534 2605 685 2680; x_wconf 87' lang='lat' dir='ltr'><strong>prophetia</strong></span> <span class='ocrx_word' id='word_1_155' title='bbox 710 2605 758 2662; x_wconf 89' lang='lat' dir='ltr'><strong>illa</strong></span> <span class='ocrx_word' id='word_1_156' title='bbox 782 2623 789 2662; x_wconf 74' lang='grc' dir='ltr'><strong>ι</strong></span> 
     </span>
     <span class='ocr_line' id='line_1_32' title="bbox 207 2679 790 2754; baseline -0.017 -13"><span class='ocrx_word' id='word_1_157' title='bbox 207 2685 292 2742; x_wconf 78' lang='lat' dir='ltr'><strong>notit</strong></span> <span class='ocrx_word' id='word_1_158' title='bbox 319 2682 485 2754; x_wconf 82' lang='lat' dir='ltr'><strong>percutienti</strong></span> <span class='ocrx_word' id='word_1_159' title='bbox 506 2694 535 2734; x_wconf 93' lang='lat' dir='ltr'><strong>se</strong></span> <span class='ocrx_word' id='word_1_160' title='bbox 559 2679 715 2733; x_wconf 71' lang='lat' dir='ltr'><strong>maxiltam.</strong></span> <span class='ocrx_word' id='word_1_161' title='bbox 743 2679 790 2732; x_wconf 84' lang='lat' dir='ltr'><strong>Est</strong></span> 
     </span>
     <span class='ocr_line' id='line_1_33' title="bbox 208 2747 788 2824; baseline -0.016 -12"><span class='ocrx_word' id='word_1_162' title='bbox 208 2755 284 2813; x_wconf 87' lang='lat' dir='ltr'><strong>enim</strong></span> <span class='ocrx_word' id='word_1_163' title='bbox 304 2755 397 2822; x_wconf 89' lang='lat' dir='ltr'><strong>alapa,</strong></span> <span class='ocrx_word' id='word_1_164' title='bbox 417 2751 562 2824; x_wconf 87' lang='lat' dir='ltr'><strong>percussio</strong></span> <span class='ocrx_word' id='word_1_165' title='bbox 588 2747 617 2804; x_wconf 90' lang='lat' dir='ltr'><strong>in</strong></span> <span class='ocrx_word' id='word_1_166' title='bbox 635 2747 788 2812; x_wconf 81' lang='lat' dir='ltr'><strong>maxillam,</strong></span> 
     </span>
     <span class='ocr_line' id='line_1_34' title="bbox 152 2819 790 2897; baseline -0.024 -8"><span class='ocrx_word' id='word_1_167' title='bbox 152 2885 154 2890; x_wconf 87' lang='lat'><em>.</em></span> <span class='ocrx_word' id='word_1_168' title='bbox 209 2827 282 2886; x_wconf 87' lang='lat' dir='ltr'><strong>sicut</strong></span> <span class='ocrx_word' id='word_1_169' title='bbox 300 2825 438 2897; x_wconf 82' lang='lat' dir='ltr'><strong>colaphus</strong></span> <span class='ocrx_word' id='word_1_170' title='bbox 460 2828 503 2878; x_wconf 91' lang='lat' dir='ltr'><strong>est</strong></span> <span class='ocrx_word' id='word_1_171' title='bbox 522 2823 669 2893; x_wconf 85' lang='lat' dir='ltr'><strong>percussio</strong></span> <span class='ocrx_word' id='word_1_172' title='bbox 687 2821 715 2876; x_wconf 91' lang='lat' dir='ltr'><strong>in</strong></span> <span class='ocrx_word' id='word_1_173' title='bbox 735 2819 790 2876; x_wconf 83' lang='lat' dir='ltr'><strong>rol·</strong></span> 
     </span>
     <span class='ocr_line' id='line_1_35' title="bbox 208 2890 790 2970; baseline -0.017 -14"><span class='ocrx_word' id='word_1_174' title='bbox 208 2899 277 2956; x_wconf 89' lang='lat' dir='ltr'><strong>lam.</strong></span> <span class='ocrx_word' id='word_1_175' title='bbox 297 2900 440 2970; x_wconf 88' lang='lat' dir='ltr'><strong>lpsevero</strong></span> <span class='ocrx_word' id='word_1_176' title='bbox 464 2892 601 2950; x_wconf 88' lang='lat' dir='ltr'><strong>Dominus</strong></span> <span class='ocrx_word' id='word_1_177' title='bbox 619 2890 790 2964; x_wconf 85' lang='lat' dir='ltr'><strong>longanimis</strong></span> 
     </span>
     <span class='ocr_line' id='line_1_36' title="bbox 207 2963 791 3036; baseline -0.021 -8"><span class='ocrx_word' id='word_1_178' title='bbox 207 2975 236 3028; x_wconf 90' lang='lat' dir='ltr'><strong>et</strong></span> <span class='ocrx_word' id='word_1_179' title='bbox 270 2968 372 3034; x_wconf 85' lang='lat' dir='ltr'><strong>aliens,</strong></span> <span class='ocrx_word' id='word_1_180' title='bbox 383 2965 491 3022; x_wconf 89' lang='lat' dir='ltr'><strong>malum</strong></span> <span class='ocrx_word' id='word_1_181' title='bbox 506 2979 557 3036; x_wconf 92' lang='lat' dir='ltr'><strong>pro</strong></span> <span class='ocrx_word' id='word_1_182' title='bbox 569 2963 643 3020; x_wconf 88' lang='lat' dir='ltr'><strong>malo</strong></span> <span class='ocrx_word' id='word_1_183' title='bbox 658 2979 713 3020; x_wconf 90' lang='lat' dir='ltr'><strong>non</strong></span> <span class='ocrx_word' id='word_1_184' title='bbox 729 2964 791 3018; x_wconf 89' lang='lat' dir='ltr'><strong>red·</strong></span> 
     </span>
     <span class='ocr_line' id='line_1_37' title="bbox 207 3033 791 3110; baseline -0.014 -12"><span class='ocrx_word' id='word_1_185' title='bbox 207 3042 236 3100; x_wconf 90' lang='lat' dir='ltr'><strong>di</strong></span> <span class='ocrx_word' id='word_1_186' title='bbox 258 3041 290 3110; x_wconf 88' lang='lat' dir='ltr'><strong>it,</strong></span> <span class='ocrx_word' id='word_1_187' title='bbox 314 3039 363 3096; x_wconf 89' lang='lat' dir='ltr'><strong>sed</strong></span> <span class='ocrx_word' id='word_1_188' title='bbox 382 3039 456 3094; x_wconf 88' lang='lat' dir='ltr'><strong>banc</strong></span> <span class='ocrx_word' id='word_1_189' title='bbox 485 3034 698 3102; x_wconf 87' lang='lat' dir='ltr'><strong>contumeliam,</strong></span> <span class='ocrx_word' id='word_1_190' title='bbox 719 3033 791 3090; x_wconf 90' lang='lat' dir='ltr'><strong>sicut</strong></span> 
     </span>
     <span class='ocr_line' id='line_1_38' title="bbox 208 3111 791 3181; baseline -0.019 -10"><span class='ocrx_word' id='word_1_191' title='bbox 208 3115 313 3171; x_wconf 88' lang='lat' dir='ltr'><strong>multas</strong></span> <span class='ocrx_word' id='word_1_192' title='bbox 328 3111 410 3178; x_wconf 88' lang='lat' dir='ltr'><strong>alias,</strong></span> <span class='ocrx_word' id='word_1_193' title='bbox 422 3124 483 3181; x_wconf 84' lang='lat' dir='ltr'><strong>quae</strong></span> <span class='ocrx_word' id='word_1_194' title='bbox 500 3113 666 3177; x_wconf 74' lang='lat' dir='ltr'><strong>secuuntur,</strong></span> <span class='ocrx_word' id='word_1_195' title='bbox 677 3121 729 3178; x_wconf 91' lang='lat' dir='ltr'><strong>pro</strong></span> <span class='ocrx_word' id='word_1_196' title='bbox 744 3122 791 3161; x_wconf 92' lang='lat' dir='ltr'><strong>no·</strong></span> 
     </span>
     <span class='ocr_line' id='line_1_39' title="bbox 207 3177 789 3253; baseline -0.017 -10"><span class='ocrx_word' id='word_1_197' title='bbox 207 3185 252 3244; x_wconf 88' lang='lat' dir='ltr'><strong>bis</strong></span> <span class='ocrx_word' id='word_1_198' title='bbox 267 3199 331 3241; x_wconf 90' lang='lat' dir='ltr'><strong>cum</strong></span> <span class='ocrx_word' id='word_1_199' title='bbox 350 3181 428 3239; x_wconf 91' lang='lat' dir='ltr'><strong>omni</strong></span> <span class='ocrx_word' id='word_1_200' title='bbox 448 3177 586 3253; x_wconf 90' lang='lat' dir='ltr'><strong>patientia</strong></span> <span class='ocrx_word' id='word_1_201' title='bbox 612 3184 641 3234; x_wconf 89' lang='lat' dir='ltr'><strong>et</strong></span> <span class='ocrx_word' id='word_1_202' title='bbox 655 3193 789 3234; x_wconf 90' lang='lat' dir='ltr'><strong>mansue·</strong></span> 
     </span>
     <span class='ocr_line' id='line_1_40' title="bbox 208 3247 789 3324; baseline -0.021 -9"><span class='ocrx_word' id='word_1_203' title='bbox 208 3257 305 3315; x_wconf 88' lang='lat' dir='ltr'><strong>tudine</strong></span> <span class='ocrx_word' id='word_1_204' title='bbox 315 3253 455 3322; x_wconf 83' lang='lat' dir='ltr'><strong>toleravit,</strong></span> <span class='ocrx_word' id='word_1_205' title='bbox 465 3260 493 3308; x_wconf 88' lang='lat' dir='ltr'><strong>et</strong></span> <span class='ocrx_word' id='word_1_206' title='bbox 502 3249 668 3324; x_wconf 88' lang='lat' dir='ltr'><strong>patientiam</strong></span> <span class='ocrx_word' id='word_1_207' title='bbox 683 3247 789 3317; x_wconf 84' lang='lat' dir='ltr'><strong>docuit,</strong></span> 
     </span>
     <span class='ocr_line' id='line_1_41' title="bbox 207 3319 790 3398; baseline -0.017 -13"><span class='ocrx_word' id='word_1_208' title='bbox 207 3329 364 3398; x_wconf 81' lang='lat' dir='ltr'><strong>humiliter,</strong></span> <span class='ocrx_word' id='word_1_209' title='bbox 377 3325 454 3384; x_wconf 87' lang='lat' dir='ltr'><strong>vulta</strong></span> <span class='ocrx_word' id='word_1_210' title='bbox 470 3323 593 3397; x_wconf 83' lang='lat' dir='ltr'><strong>placido,</strong></span> <span class='ocrx_word' id='word_1_211' title='bbox 607 3328 636 3378; x_wconf 92' lang='lat' dir='ltr'><strong>et</strong></span> <span class='ocrx_word' id='word_1_212' title='bbox 646 3319 790 3378; x_wconf 87' lang='lat' dir='ltr'><strong>submisso</strong></span> 
     </span>
     <span class='ocr_line' id='line_1_42' title="bbox 209 3393 791 3465; baseline -0.015 -8"><span class='ocrx_word' id='word_1_213' title='bbox 209 3415 340 3458; x_wconf 88' lang='lat' dir='ltr'><strong>sermone</strong></span> <span class='ocrx_word' id='word_1_214' title='bbox 367 3396 495 3454; x_wconf 84' lang='lat' dir='ltr'><strong>modeste</strong></span> <span class='ocrx_word' id='word_1_215' title='bbox 523 3393 733 3465; x_wconf 90' lang='lat' dir='ltr'><strong>respondendo,</strong></span> <span class='ocrx_word' id='word_1_216' title='bbox 762 3396 791 3448; x_wconf 88' lang='lat' dir='ltr'><strong>et</strong></span> 
     </span>
     <span class='ocr_line' id='line_1_43' title="bbox 208 3463 790 3532; baseline -0.012 -7"><span class='ocrx_word' id='word_1_217' title='bbox 208 3470 357 3527; x_wconf 90' lang='lat' dir='ltr'><strong>veritatem</strong></span> <span class='ocrx_word' id='word_1_218' title='bbox 368 3465 559 3532; x_wconf 90' lang='lat' dir='ltr'><strong>ostendendo;</strong></span> <span class='ocrx_word' id='word_1_219' title='bbox 569 3481 601 3519; x_wconf 87' lang='lat' dir='ltr'><strong>ac</strong></span> <span class='ocrx_word' id='word_1_220' title='bbox 615 3463 790 3531; x_wconf 88' lang='lat' dir='ltr'><strong>ministrnm,</strong></span> 
     </span>
     <span class='ocr_line' id='line_1_44' title="bbox 208 3532 788 3613; baseline -0.016 -16"><span class='ocrx_word' id='word_1_221' title='bbox 208 3541 252 3598; x_wconf 88' lang='lat' dir='ltr'><strong>cui</strong></span> <span class='ocrx_word' id='word_1_222' title='bbox 267 3539 424 3613; x_wconf 82' lang='lat' dir='ltr'><strong>quamlibet</strong></span> <span class='ocrx_word' id='word_1_223' title='bbox 442 3551 555 3610; x_wconf 87' lang='lat' dir='ltr'><strong>poenam</strong></span> <span class='ocrx_word' id='word_1_224' title='bbox 578 3535 639 3590; x_wconf 89' lang='lat' dir='ltr'><strong>solo</strong></span> <span class='ocrx_word' id='word_1_225' title='bbox 651 3535 732 3605; x_wconf 77' lang='lat' dir='ltr'><strong>jussu</strong></span> <span class='ocrx_word' id='word_1_226' title='bbox 752 3532 788 3589; x_wconf 92' lang='lat' dir='ltr'><strong>ir·</strong></span> 
     </span>
     <span class='ocr_line' id='line_1_45' title="bbox 154 3603 791 3685; baseline -0.016 -14"><span class='ocrx_word' id='word_1_227' title='bbox 154 3623 160 3634; x_wconf 66' lang='lat'><strong>⁴·</strong></span> <span class='ocrx_word' id='word_1_228' title='bbox 207 3628 310 3685; x_wconf 89' lang='lat' dir='ltr'><strong>rogare</strong></span> <span class='ocrx_word' id='word_1_229' title='bbox 335 3615 455 3681; x_wconf 88' lang='lat' dir='ltr'><strong>poterat,</strong></span> <span class='ocrx_word' id='word_1_230' title='bbox 476 3605 578 3664; x_wconf 75' lang='lat' dir='ltr'><strong>blande</strong></span> <span class='ocrx_word' id='word_1_231' title='bbox 601 3611 630 3662; x_wconf 90' lang='lat' dir='ltr'><strong>et</strong></span> <span class='ocrx_word' id='word_1_232' title='bbox 644 3603 791 3670; x_wconf 71' lang='lat' dir='ltr'><strong>caritative</strong></span> 
     </span>
     <span class='ocr_line' id='line_1_46' title="bbox 208 3678 789 3765; baseline -0.019 -23"><span class='ocrx_word' id='word_1_233' title='bbox 208 3681 397 3765; x_wconf 89' lang='lat' dir='ltr'><strong>corripiendo.</strong></span> <span class='ocrx_word' id='word_1_234' title='bbox 414 3679 588 3752; x_wconf 82' lang='lat' dir='ltr'><strong>Respondeas</strong></span> <span class='ocrx_word' id='word_1_235' title='bbox 603 3693 670 3749; x_wconf 87' lang='lat' dir='ltr'><strong>ergo</strong></span> <span class='ocrx_word' id='word_1_236' title='bbox 685 3678 731 3732; x_wconf 84' lang='lat' dir='ltr'><strong>itti</strong></span> <span class='ocrx_word' id='word_1_237' title='bbox 745 3679 789 3732; x_wconf 84' lang='lat' dir='ltr'><strong>Je-</strong></span> 
     </span>
     <span class='ocr_line' id='line_1_47' title="bbox 206 3747 789 3816; baseline -0.014 -4"><span class='ocrx_word' id='word_1_238' title='bbox 206 3772 254 3812; x_wconf 85' lang='lat' dir='ltr'><strong>sus</strong></span> <span class='ocrx_word' id='word_1_239' title='bbox 264 3753 332 3812; x_wconf 79' lang='lat' dir='ltr'><strong>dulit</strong></span> <span class='ocrx_word' id='word_1_240' title='bbox 344 3775 350 3810; x_wconf 94' lang='lat'><strong>:</strong></span> <span class='ocrx_word' id='word_1_241' title='bbox 360 3754 393 3811; x_wconf 78' lang='lat' dir='ltr'><strong>sl</strong></span> <span class='ocrx_word' id='word_1_242' title='bbox 402 3754 473 3808; x_wconf 89' lang='lat' dir='ltr'><strong>male</strong></span> <span class='ocrx_word' id='word_1_243' title='bbox 484 3756 512 3808; x_wconf 88' lang='lat' dir='ltr'><strong>et</strong></span> <span class='ocrx_word' id='word_1_244' title='bbox 521 3754 620 3806; x_wconf 88' lang='lat' dir='ltr'><strong>contra</strong></span> <span class='ocrx_word' id='word_1_245' title='bbox 630 3747 789 3816; x_wconf 84' lang='lat' dir='ltr'><strong>veritatem,</strong></span> 
     </span>
     <span class='ocr_line' id='line_1_48' title="bbox 207 3819 789 3892; baseline -0.014 -8"><span class='ocrx_word' id='word_1_246' title='bbox 207 3829 313 3884; x_wconf 84' lang='lat' dir='ltr'><strong>locutas</strong></span> <span class='ocrx_word' id='word_1_247' title='bbox 332 3841 402 3884; x_wconf 83' lang='lat' dir='ltr'><strong>sem.</strong></span> <span class='ocrx_word' id='word_1_248' title='bbox 418 3829 447 3880; x_wconf 92' lang='lat' dir='ltr'><strong>et</strong></span> <span class='ocrx_word' id='word_1_249' title='bbox 475 3823 564 3879; x_wconf 90' lang='lat' dir='ltr'><strong>habes</strong></span> <span class='ocrx_word' id='word_1_250' title='bbox 577 3819 789 3892; x_wconf 85' lang='lat' dir='ltr'><strong>reprehendere</strong></span> 
     </span>
     <span class='ocr_line' id='line_1_49' title="bbox 205 3893 789 3971; baseline -0.017 -16"><span class='ocrx_word' id='word_1_251' title='bbox 205 3913 268 3971; x_wconf 80' lang='lat' dir='ltr'><strong>quae</strong></span> <span class='ocrx_word' id='word_1_252' title='bbox 287 3895 354 3964; x_wconf 84' lang='lat' dir='ltr'><strong>dixi,</strong></span> <span class='ocrx_word' id='word_1_253' title='bbox 374 3895 584 3952; x_wconf 81' lang='lat' dir='ltr'><strong>demonstrant</strong></span> <span class='ocrx_word' id='word_1_254' title='bbox 605 3893 789 3949; x_wconf 85' lang='lat' dir='ltr'><strong>testimonium</strong></span> 
     </span>
     <span class='ocr_line' id='line_1_50' title="bbox 201 3965 789 4042; baseline -0.014 -17"><span class='ocrx_word' id='word_1_255' title='bbox 201 3969 316 4042; x_wconf 81' lang='lat' dir='ltr'><strong>perhibe</strong></span> <span class='ocrx_word' id='word_1_256' title='bbox 330 3969 364 4022; x_wconf 88' lang='lat' dir='ltr'><strong>de</strong></span> <span class='ocrx_word' id='word_1_257' title='bbox 382 3968 466 4036; x_wconf 88' lang='lat' dir='ltr'><strong>maio,</strong></span> <span class='ocrx_word' id='word_1_258' title='bbox 486 3971 515 4022; x_wconf 91' lang='lat' dir='ltr'><strong>et</strong></span> <span class='ocrx_word' id='word_1_259' title='bbox 530 3965 620 4037; x_wconf 89' lang='lat' dir='ltr'><strong>proba</strong></span> <span class='ocrx_word' id='word_1_260' title='bbox 646 3979 691 4019; x_wconf 92' lang='lat' dir='ltr'><strong>me</strong></span> <span class='ocrx_word' id='word_1_261' title='bbox 711 3978 789 4018; x_wconf 91' lang='lat' dir='ltr'><strong>men-</strong></span> 
     </span>
     <span class='ocr_line' id='line_1_51' title="bbox 203 4033 789 4108; baseline -0.017 -10"><span class='ocrx_word' id='word_1_262' title='bbox 203 4041 318 4108; x_wconf 87' lang='lat' dir='ltr'><strong>dacem;</strong></span> <span class='ocrx_word' id='word_1_263' title='bbox 335 4041 362 4094; x_wconf 86' lang='lat' dir='ltr'><strong>si</strong></span> <span class='ocrx_word' id='word_1_264' title='bbox 376 4045 466 4094; x_wconf 86' lang='lat' dir='ltr'><strong>autem</strong></span> <span class='ocrx_word' id='word_1_265' title='bbox 485 4037 558 4104; x_wconf 82' lang='lat' dir='ltr'><strong>bene,</strong></span> <span class='ocrx_word' id='word_1_266' title='bbox 579 4041 608 4091; x_wconf 91' lang='lat' dir='ltr'><strong>et</strong></span> <span class='ocrx_word' id='word_1_267' title='bbox 625 4051 682 4090; x_wconf 92' lang='lat' dir='ltr'><strong>non</strong></span> <span class='ocrx_word' id='word_1_268' title='bbox 699 4033 789 4090; x_wconf 86' lang='lat' dir='ltr'><strong>habes</strong></span> 
     </span>
     <span class='ocr_line' id='line_1_52' title="bbox 203 4099 790 4185; baseline -0.015 -16"><span class='ocrx_word' id='word_1_269' title='bbox 203 4099 425 4185; x_wconf 82' lang='lat' dir='ltr'><strong>reprehendere,</strong></span> <span class='ocrx_word' id='word_1_270' title='bbox 438 4109 506 4180; x_wconf 82' lang='lat' dir='ltr'><strong>qnid</strong></span> <span class='ocrx_word' id='word_1_271' title='bbox 517 4123 559 4162; x_wconf 87' lang='lat' dir='ltr'><strong>me</strong></span> <span class='ocrx_word' id='word_1_272' title='bbox 567 4107 648 4162; x_wconf 80' lang='lat' dir='ltr'><strong>sedis</strong></span> <span class='ocrx_word' id='word_1_273' title='bbox 664 4103 790 4176; x_wconf 76' lang='lat' dir='ltr'><strong>injuste?</strong></span> 
     </span>
     <span class='ocr_line' id='line_1_53' title="bbox 202 4177 789 4253; baseline -0.019 -12"><span class='ocrx_word' id='word_1_274' title='bbox 202 4183 276 4253; x_wconf 84' lang='lat' dir='ltr'><strong>Quid</strong></span> <span class='ocrx_word' id='word_1_275' title='bbox 296 4185 350 4238; x_wconf 88' lang='lat' dir='ltr'><strong>isla</strong></span> <span class='ocrx_word' id='word_1_276' title='bbox 375 4179 560 4248; x_wconf 85' lang='lat' dir='ltr'><strong>responsione</strong></span> <span class='ocrx_word' id='word_1_277' title='bbox 578 4177 683 4244; x_wconf 88' lang='lat' dir='ltr'><strong>verius,</strong></span> <span class='ocrx_word' id='word_1_278' title='bbox 710 4191 789 4231; x_wconf 88' lang='lat' dir='ltr'><strong>mau-</strong></span> 
     </span>
     <span class='ocr_line' id='line_1_54' title="bbox 203 4246 788 4325; baseline -0.019 -12"><span class='ocrx_word' id='word_1_279' title='bbox 203 4255 311 4314; x_wconf 86' lang='lat' dir='ltr'><strong>snelius</strong></span> <span class='ocrx_word' id='word_1_280' title='bbox 336 4261 364 4311; x_wconf 90' lang='lat' dir='ltr'><strong>et</strong></span> <span class='ocrx_word' id='word_1_281' title='bbox 386 4251 512 4325; x_wconf 70' lang='lat' dir='ltr'><strong>justius?</strong></span> <span class='ocrx_word' id='word_1_282' title='bbox 533 4248 601 4306; x_wconf 87' lang='lat' dir='ltr'><strong>ltine</strong></span> <span class='ocrx_word' id='word_1_283' title='bbox 629 4246 788 4318; x_wconf 87' lang='lat' dir='ltr'><strong>colligimus</strong></span> 
     </span>
     <span class='ocr_line' id='line_1_55' title="bbox 203 4317 787 4407; baseline -0.026 -20"><span class='ocrx_word' id='word_1_284' title='bbox 203 4345 257 4386; x_wconf 89' lang='lat' dir='ltr'><strong>nos</strong></span> <span class='ocrx_word' id='word_1_285' title='bbox 276 4339 359 4402; x_wconf 88' lang='lat' dir='ltr'><strong>posse</strong></span> <span class='ocrx_word' id='word_1_286' title='bbox 378 4323 528 4407; x_wconf 88' lang='lat' dir='ltr'><strong>increpare</strong></span> <span class='ocrx_word' id='word_1_287' title='bbox 548 4317 631 4379; x_wconf 87' lang='lat' dir='ltr'><strong>nobis</strong></span> <span class='ocrx_word' id='word_1_288' title='bbox 649 4317 787 4390; x_wconf 77' lang='lat' dir='ltr'><strong>iniurian-</strong></span> 
     </span>
     <span class='ocr_line' id='line_1_56' title="bbox 203 4389 786 4472; baseline -0.021 -14"><span class='ocrx_word' id='word_1_289' title='bbox 203 4405 257 4470; x_wconf 87' lang='lat' dir='ltr'><strong>tes‚</strong></span> <span class='ocrx_word' id='word_1_290' title='bbox 271 4408 300 4458; x_wconf 92' lang='lat' dir='ltr'><strong>et</strong></span> <span class='ocrx_word' id='word_1_291' title='bbox 312 4411 445 4472; x_wconf 75' lang='lat' dir='ltr'><strong>arguere,</strong></span> <span class='ocrx_word' id='word_1_292' title='bbox 463 4400 503 4453; x_wconf 85' lang='lat' dir='ltr'><strong>rte</strong></span> <span class='ocrx_word' id='word_1_293' title='bbox 517 4399 612 4452; x_wconf 68' lang='lat' dir='ltr'><strong>umen</strong></span> <span class='ocrx_word' id='word_1_294' title='bbox 628 4389 705 4464; x_wconf 83' lang='lat' dir='ltr'><strong>quod</strong></span> <span class='ocrx_word' id='word_1_295' title='bbox 725 4405 786 4447; x_wconf 88' lang='lat' dir='ltr'><strong>mo·</strong></span> 
     </span>
    </p>
   </div>
   <div class='ocr_carea' id='block_1_3' title="bbox 845 536 1438 1454">
    <p class='ocr_par' dir='ltr' id='par_1_4' title="bbox 845 536 1438 1454">
     <span class='ocr_line' id='line_1_57' title="bbox 845 536 1436 609; baseline 0 -13"><span class='ocrx_word' id='word_1_296' title='bbox 845 538 944 596; x_wconf 82' lang='lat' dir='ltr'><strong>derata</strong></span> <span class='ocrx_word' id='word_1_297' title='bbox 957 541 986 596; x_wconf 90' lang='lat' dir='ltr'><strong>et</strong></span> <span class='ocrx_word' id='word_1_298' title='bbox 1002 541 1113 609; x_wconf 89' lang='lat' dir='ltr'><strong>pacate.</strong></span> <span class='ocrx_word' id='word_1_299' title='bbox 1131 537 1187 593; x_wconf 85' lang='lat' dir='ltr'><strong>iles</strong></span> <span class='ocrx_word' id='word_1_300' title='bbox 1227 536 1374 595; x_wconf 80' lang='lat' dir='ltr'><strong>nuendum</strong></span> <span class='ocrx_word' id='word_1_301' title='bbox 1389 545 1436 596; x_wconf 88' lang='lat' dir='ltr'><strong>est</strong></span> 
     </span>
     <span class='ocr_line' id='line_1_58' title="bbox 846 609 1434 681; baseline 0 -15"><span class='ocrx_word' id='word_1_302' title='bbox 846 609 933 678; x_wconf 89' lang='lat' dir='ltr'><strong>enim,</strong></span> <span class='ocrx_word' id='word_1_303' title='bbox 949 609 1121 681; x_wconf 83' lang='lat' dir='ltr'><strong>quandoque</strong></span> <span class='ocrx_word' id='word_1_304' title='bbox 1141 613 1185 664; x_wconf 90' lang='lat' dir='ltr'><strong>stu</strong></span> <span class='ocrx_word' id='word_1_305' title='bbox 1199 615 1227 665; x_wconf 93' lang='lat' dir='ltr'><strong>to</strong></span> <span class='ocrx_word' id='word_1_306' title='bbox 1238 609 1319 681; x_wconf 82' lang='lat' dir='ltr'><strong>juxta</strong></span> <span class='ocrx_word' id='word_1_307' title='bbox 1340 611 1434 666; x_wconf 85' lang='lat' dir='ltr'><strong>stulti-</strong></span> 
     </span>
     <span class='ocr_line' id='line_1_59' title="bbox 846 680 1434 751; baseline 0.002 -14"><span class='ocrx_word' id='word_1_308' title='bbox 846 681 916 738; x_wconf 90' lang='lat' dir='ltr'><strong>tiam</strong></span> <span class='ocrx_word' id='word_1_309' title='bbox 930 697 1024 748; x_wconf 87' lang='lat' dir='ltr'><strong>suam,</strong></span> <span class='ocrx_word' id='word_1_310' title='bbox 1040 696 1076 737; x_wconf 90' lang='lat' dir='ltr'><strong>ue</strong></span> <span class='ocrx_word' id='word_1_311' title='bbox 1093 680 1146 736; x_wconf 84' lang='lat' dir='ltr'><strong>sibl</strong></span> <span class='ocrx_word' id='word_1_312' title='bbox 1163 695 1277 751; x_wconf 74' lang='lat' dir='ltr'><strong>sapiens</strong></span> <span class='ocrx_word' id='word_1_313' title='bbox 1288 681 1434 740; x_wconf 87' lang='lat' dir='ltr'><strong>videatur.</strong></span> 
     </span>
     <span class='ocr_line' id='line_1_60' title="bbox 846 753 1436 824; baseline -0.003 -12"><span class='ocrx_word' id='word_1_314' title='bbox 846 755 868 812; x_wconf 94' lang='grc' dir='ltr'>Ο</span> <span class='ocrx_word' id='word_1_315' title='bbox 886 769 971 810; x_wconf 83' lang='lat' dir='ltr'><strong>verax</strong></span> <span class='ocrx_word' id='word_1_316' title='bbox 990 761 1019 808; x_wconf 93' lang='lat' dir='ltr'><strong>et</strong></span> <span class='ocrx_word' id='word_1_317' title='bbox 1032 755 1078 824; x_wconf 89' lang='lat' dir='ltr'><strong>pie</strong></span> <span class='ocrx_word' id='word_1_318' title='bbox 1092 753 1170 820; x_wconf 85' lang='lat' dir='ltr'><strong>iesu,</strong></span> <span class='ocrx_word' id='word_1_319' title='bbox 1188 767 1319 824; x_wconf 81' lang='lat' dir='ltr'><strong>quanam</strong></span> <span class='ocrx_word' id='word_1_320' title='bbox 1337 753 1436 810; x_wconf 87' lang='lat' dir='ltr'><strong>anima</strong></span> 
     </span>
     <span class='ocr_line' id='line_1_61' title="bbox 846 824 1436 894; baseline 0.002 -14"><span class='ocrx_word' id='word_1_321' title='bbox 846 824 896 882; x_wconf 92' lang='lat' dir='ltr'><strong>tibi</strong></span> <span class='ocrx_word' id='word_1_322' title='bbox 912 825 1015 882; x_wconf 88' lang='lat' dir='ltr'><strong>devota</strong></span> <span class='ocrx_word' id='word_1_323' title='bbox 1040 825 1100 879; x_wconf 81' lang='lat' dir='ltr'><strong>brec</strong></span> <span class='ocrx_word' id='word_1_324' title='bbox 1118 839 1238 880; x_wconf 90' lang='lat' dir='ltr'><strong>cernens</strong></span> <span class='ocrx_word' id='word_1_325' title='bbox 1253 831 1281 878; x_wconf 87' lang='lat' dir='ltr'><strong>et</strong></span> <span class='ocrx_word' id='word_1_326' title='bbox 1302 824 1436 894; x_wconf 89' lang='lat' dir='ltr'><strong>audiens,</strong></span> 
     </span>
     <span class='ocr_line' id='line_1_62' title="bbox 846 893 1436 968; baseline 0.005 -18"><span class='ocrx_word' id='word_1_327' title='bbox 846 897 939 954; x_wconf 89' lang='lat' dir='ltr'><strong>valeat</strong></span> <span class='ocrx_word' id='word_1_328' title='bbox 950 912 980 953; x_wconf 90' lang='lat' dir='ltr'><strong>se</strong></span> <span class='ocrx_word' id='word_1_329' title='bbox 995 893 1142 952; x_wconf 89' lang='lat' dir='ltr'><strong>continere</strong></span> <span class='ocrx_word' id='word_1_330' title='bbox 1153 911 1171 950; x_wconf 92' lang='lat' dir='ltr'><strong>a</strong></span> <span class='ocrx_word' id='word_1_331' title='bbox 1183 893 1328 968; x_wconf 84' lang='lat' dir='ltr'><strong>lacrymis,</strong></span> <span class='ocrx_word' id='word_1_332' title='bbox 1342 901 1371 953; x_wconf 89' lang='lat' dir='ltr'><strong>ct</strong></span> <span class='ocrx_word' id='word_1_333' title='bbox 1384 897 1436 953; x_wconf 90' lang='lat' dir='ltr'><strong>do-</strong></span> 
     </span>
     <span class='ocr_line' id='line_1_63' title="bbox 847 967 1438 1039; baseline 0 -15"><span class='ocrx_word' id='word_1_334' title='bbox 847 967 938 1024; x_wconf 79' lang='lat' dir='ltr'><strong>lorem</strong></span> <span class='ocrx_word' id='word_1_335' title='bbox 962 967 1105 1024; x_wconf 71' lang='lat' dir='ltr'><strong>‹rccultare</strong></span> <span class='ocrx_word' id='word_1_336' title='bbox 1129 967 1250 1023; x_wconf 73' lang='lat' dir='ltr'><strong>ivrternaa</strong></span> <span class='ocrx_word' id='word_1_337' title='bbox 1269 967 1438 1039; x_wconf 78' lang='lat' dir='ltr'><strong>passionis?</strong></span> 
     </span>
     <span class='ocr_line' id='line_1_64' title="bbox 848 1038 1438 1108; baseline 0 -12"><span class='ocrx_word' id='word_1_338' title='bbox 848 1041 925 1096; x_wconf 86' lang='lat' dir='ltr'><strong>Unde</strong></span> <span class='ocrx_word' id='word_1_339' title='bbox 938 1039 1008 1096; x_wconf 82' lang='lat' dir='ltr'><strong>dicit</strong></span> <span class='ocrx_word' id='word_1_340' title='bbox 1023 1038 1250 1108; x_wconf 74' lang='lat' dir='ltr'><strong>chrysostomus:</strong></span> <span class='ocrx_word' id='word_1_341' title='bbox 1264 1058 1280 1092; x_wconf 82' lang='lat' dir='ltr'><strong>a</strong></span> <span class='ocrx_word' id='word_1_342' title='bbox 1294 1039 1374 1096; x_wconf 89' lang='lat' dir='ltr'><strong>Unus</strong></span> <span class='ocrx_word' id='word_1_343' title='bbox 1389 1039 1438 1096; x_wconf 91' lang='lat' dir='ltr'><strong>de·</strong></span> 
     </span>
     <span class='ocr_line' id='line_1_65' title="bbox 846 1108 1436 1183; baseline -0.002 -16"><span class='ocrx_word' id='word_1_344' title='bbox 846 1111 889 1167; x_wconf 94' lang='lat' dir='ltr'><strong>dit</strong></span> <span class='ocrx_word' id='word_1_345' title='bbox 914 1111 1027 1183; x_wconf 85' lang='lat' dir='ltr'><strong>alapam</strong></span> <span class='ocrx_word' id='word_1_346' title='bbox 1049 1112 1128 1176; x_wconf 86' lang='lat' dir='ltr'><strong>Jesu,</strong></span> <span class='ocrx_word' id='word_1_347' title='bbox 1147 1108 1436 1178; x_wconf 68' lang='lat' dir='ltr'><strong>benebentanum</strong></span> 
     </span>
     <span class='ocr_line' id='line_1_66' title="bbox 848 1179 1436 1253; baseline 0.003 -15"><span class='ocrx_word' id='word_1_348' title='bbox 848 1183 901 1238; x_wconf 86' lang='lat' dir='ltr'><strong>hoc</strong></span> <span class='ocrx_word' id='word_1_349' title='bbox 911 1183 959 1238; x_wconf 83' lang='lat' dir='ltr'><strong>ivel</strong></span> <span class='ocrx_word' id='word_1_350' title='bbox 973 1181 1069 1253; x_wconf 90' lang='lat' dir='ltr'><strong>ntique</strong></span> <span class='ocrx_word' id='word_1_351' title='bbox 1084 1179 1223 1238; x_wconf 79' lang='lat' dir='ltr'><strong>stultius?</strong></span> <span class='ocrx_word' id='word_1_352' title='bbox 1239 1183 1364 1240; x_wconf 77' lang='lat' dir='ltr'><strong>horreas</strong></span> <span class='ocrx_word' id='word_1_353' title='bbox 1378 1199 1436 1240; x_wconf 86' lang='lat' dir='ltr'><strong>coe-</strong></span> 
     </span>
     <span class='ocr_line' id='line_1_67' title="bbox 848 1251 1436 1325; baseline 0.007 -17"><span class='ocrx_word' id='word_1_354' title='bbox 848 1253 917 1322; x_wconf 89' lang='lat' dir='ltr'><strong>lum,</strong></span> <span class='ocrx_word' id='word_1_355' title='bbox 929 1268 1075 1311; x_wconf 84' lang='lat' dir='ltr'><strong>excessum</strong></span> <span class='ocrx_word' id='word_1_356' title='bbox 1093 1251 1196 1308; x_wconf 89' lang='lat' dir='ltr'><strong>mentis</strong></span> <span class='ocrx_word' id='word_1_357' title='bbox 1211 1253 1329 1325; x_wconf 84' lang='lat' dir='ltr'><strong>patiaris</strong></span> <span class='ocrx_word' id='word_1_358' title='bbox 1345 1259 1436 1322; x_wconf 86' lang='lat' dir='ltr'><strong>terra,</strong></span> 
     </span>
     <span class='ocr_line' id='line_1_68' title="bbox 848 1322 1437 1392; baseline 0 -10"><span class='ocrx_word' id='word_1_359' title='bbox 848 1323 1041 1382; x_wconf 85' lang='lat' dir='ltr'><strong>Dominatoris</strong></span> <span class='ocrx_word' id='word_1_360' title='bbox 1069 1322 1297 1392; x_wconf 79' lang='lat' dir='ltr'><strong>tonpanimaate,</strong></span> <span class='ocrx_word' id='word_1_361' title='bbox 1323 1331 1355 1382; x_wconf 91' lang='lat' dir='ltr'><strong>et</strong></span> <span class='ocrx_word' id='word_1_362' title='bbox 1375 1341 1437 1382; x_wconf 90' lang='lat' dir='ltr'><strong>ser-</strong></span> 
     </span>
     <span class='ocr_line' id='line_1_69' title="bbox 849 1394 1436 1454; baseline 0.007 -4"><span class='ocrx_word' id='word_1_363' title='bbox 849 1413 948 1453; x_wconf 88' lang='lat' dir='ltr'><strong>vorum</strong></span> <span class='ocrx_word' id='word_1_364' title='bbox 968 1394 1174 1452; x_wconf 78' lang='lat' dir='ltr'><strong>indevotione!</strong></span> <span class='ocrx_word' id='word_1_365' title='bbox 1192 1415 1205 1448; x_wconf 80' lang='lat' dir='ltr'><strong>n</strong></span> <span class='ocrx_word' id='word_1_366' title='bbox 1224 1395 1303 1453; x_wconf 88' lang='lat' dir='ltr'><strong>Unde</strong></span> <span class='ocrx_word' id='word_1_367' title='bbox 1320 1402 1351 1454; x_wconf 91' lang='lat' dir='ltr'><strong>et</strong></span> <span class='ocrx_word' id='word_1_368' title='bbox 1373 1399 1436 1454; x_wconf 74' lang='lat' dir='ltr'><strong>Aa·</strong></span> 
     </span>
    </p>
   </div>
   <div class='ocr_carea' id='block_1_4' title="bbox 847 1466 1514 1540">
    <p class='ocr_par' dir='ltr' id='par_1_5' title="bbox 847 1466 1514 1540">
     <span class='ocr_line' id='line_1_70' title="bbox 847 1466 1514 1540; baseline 0.004 -17"><span class='ocrx_word' id='word_1_369' title='bbox 847 1472 1000 1538; x_wconf 80' lang='lat' dir='ltr'><strong>gostinus:</strong></span> <span class='ocrx_word' id='word_1_370' title='bbox 1020 1489 1030 1518; x_wconf 86' lang='grc' dir='ltr'>ι</span> <span class='ocrx_word' id='word_1_371' title='bbox 1048 1466 1076 1524; x_wconf 89' lang='lat' dir='ltr'><strong>Si</strong></span> <span class='ocrx_word' id='word_1_372' title='bbox 1092 1466 1250 1540; x_wconf 83' lang='lat' dir='ltr'><strong>cogitemus</strong></span> <span class='ocrx_word' id='word_1_373' title='bbox 1274 1469 1342 1540; x_wconf 86' lang='lat' dir='ltr'><strong>quis</strong></span> <span class='ocrx_word' id='word_1_374' title='bbox 1354 1485 1437 1526; x_wconf 90' lang='lat' dir='ltr'><strong>acce·</strong></span> <span class='ocrx_word' id='word_1_375' title='bbox 1513 1517 1514 1520; x_wconf 63' lang='lat'><strong>,</strong></span> 
     </span>
    </p>
   </div>
   <div class='ocr_carea' id='block_1_5' title="bbox 842 1539 1439 4474">
    <p class='ocr_par' dir='ltr' id='par_1_6' title="bbox 842 1539 1439 4474">
     <span class='ocr_line' id='line_1_71' title="bbox 847 1539 1437 1612; baseline 0.002 -17"><span class='ocrx_word' id='word_1_376' title='bbox 847 1539 890 1612; x_wconf 92' lang='lat' dir='ltr'><strong>pit</strong></span> <span class='ocrx_word' id='word_1_377' title='bbox 904 1540 1028 1612; x_wconf 78' lang='lat' dir='ltr'><strong>alapam,</strong></span> <span class='ocrx_word' id='word_1_378' title='bbox 1044 1555 1141 1596; x_wconf 89' lang='lat' dir='ltr'><strong>noune</strong></span> <span class='ocrx_word' id='word_1_379' title='bbox 1152 1539 1290 1596; x_wconf 85' lang='lat' dir='ltr'><strong>vellemus</strong></span> <span class='ocrx_word' id='word_1_380' title='bbox 1304 1556 1373 1597; x_wconf 90' lang='lat' dir='ltr'><strong>eum</strong></span> <span class='ocrx_word' id='word_1_381' title='bbox 1388 1542 1437 1612; x_wconf 85' lang='lat' dir='ltr'><strong>qui</strong></span> 
     </span>
     <span class='ocr_line' id='line_1_72' title="bbox 848 1609 1437 1684; baseline 0.003 -15"><span class='ocrx_word' id='word_1_382' title='bbox 848 1611 989 1684; x_wconf 88' lang='lat' dir='ltr'><strong>percussit</strong></span> <span class='ocrx_word' id='word_1_383' title='bbox 1009 1618 1058 1668; x_wconf 92' lang='lat' dir='ltr'><strong>aut</strong></span> <span class='ocrx_word' id='word_1_384' title='bbox 1077 1609 1185 1666; x_wconf 59' lang='lat' dir='ltr'><strong>caelesti</strong></span> <span class='ocrx_word' id='word_1_385' title='bbox 1205 1610 1212 1666; x_wconf 91' lang='lat' dir='ltr'><strong>i</strong></span> <span class='ocrx_word' id='word_1_386' title='bbox 1235 1627 1270 1668; x_wconf 89' lang='lat' dir='ltr'><strong>ne</strong></span> <span class='ocrx_word' id='word_1_387' title='bbox 1292 1611 1437 1672; x_wconf 88' lang='lat' dir='ltr'><strong>consumi.</strong></span> 
     </span>
     <span class='ocr_line' id='line_1_73' title="bbox 848 1627 1439 1764; baseline 0.002 -25"><span class='ocrx_word' id='word_1_388' title='bbox 848 1689 897 1740; x_wconf 92' lang='lat' dir='ltr'><strong>aut</strong></span> <span class='ocrx_word' id='word_1_389' title='bbox 914 1691 992 1740; x_wconf 89' lang='lat' dir='ltr'><strong>terra</strong></span> <span class='ocrx_word' id='word_1_390' title='bbox 1010 1680 1177 1764; x_wconf 74' lang='lat' dir='ltr'><strong>dehiscente</strong></span> <span class='ocrx_word' id='word_1_391' title='bbox 1203 1627 1366 1754; x_wconf 50' lang='lat' dir='ltr'><strong>effisorberi,</strong></span> <span class='ocrx_word' id='word_1_392' title='bbox 1386 1691 1439 1740; x_wconf 90' lang='lat' dir='ltr'><strong>aul</strong></span> 
     </span>
     <span class='ocr_line' id='line_1_74' title="bbox 848 1753 1438 1827; baseline -0.003 -15"><span class='ocrx_word' id='word_1_393' title='bbox 848 1765 1011 1827; x_wconf 87' lang='lat' dir='ltr'><strong>correptum</strong></span> <span class='ocrx_word' id='word_1_394' title='bbox 1037 1755 1181 1810; x_wconf 79' lang='lat' dir='ltr'><strong>daemonlo</strong></span> <span class='ocrx_word' id='word_1_395' title='bbox 1211 1753 1353 1822; x_wconf 87' lang='lat' dir='ltr'><strong>volutari,</strong></span> <span class='ocrx_word' id='word_1_396' title='bbox 1386 1761 1438 1812; x_wconf 91' lang='lat' dir='ltr'><strong>aut</strong></span> 
     </span>
     <span class='ocr_line' id='line_1_75' title="bbox 848 1821 1436 1898; baseline 0 -16"><span class='ocrx_word' id='word_1_397' title='bbox 848 1826 946 1898; x_wconf 74' lang='lat' dir='ltr'><strong>aliqua</strong></span> <span class='ocrx_word' id='word_1_398' title='bbox 965 1825 1126 1897; x_wconf 86' lang='lat' dir='ltr'><strong>hujusmodi</strong></span> <span class='ocrx_word' id='word_1_399' title='bbox 1142 1821 1267 1896; x_wconf 85' lang='lat' dir='ltr'><strong>qnalibet</strong></span> <span class='ocrx_word' id='word_1_400' title='bbox 1282 1842 1380 1895; x_wconf 78' lang='lat' dir='ltr'><strong>prena,</strong></span> <span class='ocrx_word' id='word_1_401' title='bbox 1392 1827 1436 1883; x_wconf 85' lang='lat' dir='ltr'><strong>rel</strong></span> 
     </span>
     <span class='ocr_line' id='line_1_76' title="bbox 848 1895 1436 1968; baseline 0 -14"><span class='ocrx_word' id='word_1_402' title='bbox 848 1903 936 1954; x_wconf 86' lang='lat' dir='ltr'><strong>eliam</strong></span> <span class='ocrx_word' id='word_1_403' title='bbox 959 1895 1092 1968; x_wconf 91' lang='lat' dir='ltr'><strong>graviore</strong></span> <span class='ocrx_word' id='word_1_404' title='bbox 1116 1895 1234 1966; x_wconf 76' lang='lat' dir='ltr'><strong>puniri?</strong></span> <span class='ocrx_word' id='word_1_405' title='bbox 1252 1896 1325 1964; x_wconf 87' lang='lat' dir='ltr'><strong>Quid</strong></span> <span class='ocrx_word' id='word_1_406' title='bbox 1356 1897 1436 1955; x_wconf 90' lang='lat' dir='ltr'><strong>enim</strong></span> 
     </span>
     <span class='ocr_line' id='line_1_77' title="bbox 848 1966 1436 2042; baseline 0 -16"><span class='ocrx_word' id='word_1_407' title='bbox 848 1970 950 2026; x_wconf 88' lang='lat' dir='ltr'><strong>horum</strong></span> <span class='ocrx_word' id='word_1_408' title='bbox 966 1985 1017 2042; x_wconf 88' lang='lat' dir='ltr'><strong>per</strong></span> <span class='ocrx_word' id='word_1_409' title='bbox 1031 1966 1296 2040; x_wconf 85' lang='lat' dir='ltr'><strong>patentiamjubere</strong></span> <span class='ocrx_word' id='word_1_410' title='bbox 1310 1985 1371 2026; x_wconf 89' lang='lat' dir='ltr'><strong>uon</strong></span> <span class='ocrx_word' id='word_1_411' title='bbox 1387 1985 1436 2042; x_wconf 88' lang='lat' dir='ltr'><strong>pn·</strong></span> 
     </span>
     <span class='ocr_line' id='line_1_78' title="bbox 849 2038 1435 2113; baseline 0.002 -18"><span class='ocrx_word' id='word_1_412' title='bbox 849 2045 958 2108; x_wconf 81' lang='lat' dir='ltr'><strong>luisset,</strong></span> <span class='ocrx_word' id='word_1_413' title='bbox 973 2054 1123 2113; x_wconf 83' lang='lat' dir='ltr'><strong>perquem</strong></span> <span class='ocrx_word' id='word_1_414' title='bbox 1138 2038 1229 2096; x_wconf 86' lang='lat' dir='ltr'><strong>iaetus</strong></span> <span class='ocrx_word' id='word_1_415' title='bbox 1240 2045 1284 2094; x_wconf 88' lang='lat' dir='ltr'><strong>est</strong></span> <span class='ocrx_word' id='word_1_416' title='bbox 1296 2041 1435 2108; x_wconf 89' lang='lat' dir='ltr'><strong>mundus,</strong></span> 
     </span>
     <span class='ocr_line' id='line_1_79' title="bbox 847 2109 1436 2184; baseline 0.002 -16"><span class='ocrx_word' id='word_1_417' title='bbox 847 2111 902 2169; x_wconf 82' lang='lat' dir='ltr'><strong>nisi</strong></span> <span class='ocrx_word' id='word_1_418' title='bbox 913 2112 1079 2184; x_wconf 76' lang='lat' dir='ltr'><strong>patientiam</strong></span> <span class='ocrx_word' id='word_1_419' title='bbox 1094 2127 1152 2166; x_wconf 71' lang='lat' dir='ltr'><strong>ntra</strong></span> <span class='ocrx_word' id='word_1_420' title='bbox 1165 2109 1311 2168; x_wconf 78' lang='lat' dir='ltr'><strong>nvaluiscel</strong></span> <span class='ocrx_word' id='word_1_421' title='bbox 1321 2129 1374 2169; x_wconf 86' lang='lat' dir='ltr'><strong>nos</strong></span> <span class='ocrx_word' id='word_1_422' title='bbox 1387 2115 1436 2168; x_wconf 88' lang='lat' dir='ltr'><strong>do-</strong></span> 
     </span>
     <span class='ocr_line' id='line_1_80' title="bbox 848 2181 1433 2253; baseline -0.003 -13"><span class='ocrx_word' id='word_1_423' title='bbox 848 2200 923 2250; x_wconf 85' lang='lat' dir='ltr'><strong>cere,</strong></span> <span class='ocrx_word' id='word_1_424' title='bbox 945 2199 1003 2253; x_wconf 82' lang='lat' dir='ltr'><strong>uua</strong></span> <span class='ocrx_word' id='word_1_425' title='bbox 1023 2181 1145 2240; x_wconf 90' lang='lat' dir='ltr'><strong>vincitur</strong></span> <span class='ocrx_word' id='word_1_426' title='bbox 1168 2181 1313 2239; x_wconf 75' lang='lat' dir='ltr'><strong>mundus?</strong></span> <span class='ocrx_word' id='word_1_427' title='bbox 1331 2205 1346 2234; x_wconf 81' lang='lat' dir='ltr'><strong>n</strong></span> <span class='ocrx_word' id='word_1_428' title='bbox 1373 2184 1433 2240; x_wconf 77' lang='lat' dir='ltr'><strong>hac</strong></span> 
     </span>
     <span class='ocr_line' id='line_1_81' title="bbox 846 2254 1433 2325; baseline 0 -13"><span class='ocrx_word' id='word_1_429' title='bbox 846 2258 1033 2325; x_wconf 83' lang='lat' dir='ltr'><strong>Aupuslinas.</strong></span> <span class='ocrx_word' id='word_1_430' title='bbox 1050 2255 1116 2323; x_wconf 90' lang='lat' dir='ltr'><strong>Sed,</strong></span> <span class='ocrx_word' id='word_1_431' title='bbox 1129 2254 1284 2310; x_wconf 89' lang='lat' dir='ltr'><strong>secundnm</strong></span> <span class='ocrx_word' id='word_1_432' title='bbox 1297 2257 1433 2312; x_wconf 88' lang='lat' dir='ltr'><strong>eumdem</strong></span> 
     </span>
     <span class='ocr_line' id='line_1_82' title="bbox 846 2323 1432 2398; baseline -0.002 -15"><span class='ocrx_word' id='word_1_433' title='bbox 846 2328 1046 2396; x_wconf 80' lang='lat' dir='ltr'><strong>Aapastinam.</strong></span> <span class='ocrx_word' id='word_1_434' title='bbox 1071 2325 1145 2382; x_wconf 88' lang='lat' dir='ltr'><strong>dicct</strong></span> <span class='ocrx_word' id='word_1_435' title='bbox 1163 2323 1280 2382; x_wconf 83' lang='lat' dir='ltr'><strong>torsitan</strong></span> <span class='ocrx_word' id='word_1_436' title='bbox 1301 2325 1432 2398; x_wconf 83' lang='lat' dir='ltr'><strong>aliquis:</strong></span> 
     </span>
     <span class='ocr_line' id='line_1_83' title="bbox 847 2397 1434 2468; baseline -0.003 -12"><span class='ocrx_word' id='word_1_437' title='bbox 847 2399 919 2468; x_wconf 86' lang='lat' dir='ltr'><strong>Quia</strong></span> <span class='ocrx_word' id='word_1_438' title='bbox 933 2401 1013 2468; x_wconf 83' lang='lat' dir='ltr'><strong>acepit</strong></span> <span class='ocrx_word' id='word_1_439' title='bbox 1026 2401 1105 2454; x_wconf 81' lang='lat' dir='ltr'><strong>Jesns</strong></span> <span class='ocrx_word' id='word_1_440' title='bbox 1116 2400 1208 2465; x_wconf 74' lang='lat' dir='ltr'><strong>[aree</strong></span> <span class='ocrx_word' id='word_1_441' title='bbox 1219 2403 1244 2452; x_wconf 89' lang='lat' dir='ltr'><strong>et</strong></span> <span class='ocrx_word' id='word_1_442' title='bbox 1259 2397 1367 2468; x_wconf 85' lang='lat' dir='ltr'><strong>docere,</strong></span> <span class='ocrx_word' id='word_1_443' title='bbox 1383 2415 1434 2454; x_wconf 90' lang='lat' dir='ltr'><strong>cur</strong></span> 
     </span>
     <span class='ocr_line' id='line_1_84' title="bbox 848 2467 1436 2542; baseline 0 -15"><span class='ocrx_word' id='word_1_444' title='bbox 848 2467 1354 2542; x_wconf 78' lang='lat' dir='ltr'><strong>nonlecitquoddocuit‚pereutienli</strong></span> <span class='ocrx_word' id='word_1_445' title='bbox 1386 2487 1436 2527; x_wconf 82' lang='lat' dir='ltr'><strong>rae·</strong></span> 
     </span>
     <span class='ocr_line' id='line_1_85' title="bbox 847 2539 1434 2610; baseline -0.002 -11"><span class='ocrx_word' id='word_1_446' title='bbox 847 2542 941 2600; x_wconf 90' lang='lat' dir='ltr'><strong>bendo</strong></span> <span class='ocrx_word' id='word_1_447' title='bbox 953 2541 1073 2598; x_wconf 87' lang='lat' dir='ltr'><strong>alteram</strong></span> <span class='ocrx_word' id='word_1_448' title='bbox 1089 2539 1250 2596; x_wconf 74' lang='lat' dir='ltr'><strong>maxillam?</strong></span> <span class='ocrx_word' id='word_1_449' title='bbox 1267 2539 1351 2598; x_wconf 84' lang='lat' dir='ltr'><strong>[tices</strong></span> <span class='ocrx_word' id='word_1_450' title='bbox 1376 2559 1434 2610; x_wconf 87' lang='lat' dir='ltr'><strong>um,</strong></span> 
     </span>
     <span class='ocr_line' id='line_1_86' title="bbox 848 2611 1434 2686; baseline 0 -16"><span class='ocrx_word' id='word_1_451' title='bbox 848 2613 1007 2686; x_wconf 86' lang='lat' dir='ltr'><strong>quoddicta</strong></span> <span class='ocrx_word' id='word_1_452' title='bbox 1017 2613 1294 2684; x_wconf 85' lang='lat' dir='ltr'><strong>elpraereptaSacrae</strong></span> <span class='ocrx_word' id='word_1_453' title='bbox 1307 2611 1434 2686; x_wconf 88' lang='lat' dir='ltr'><strong>Scriptu-</strong></span> 
     </span>
     <span class='ocr_line' id='line_1_87' title="bbox 847 2683 1435 2742; baseline -0.002 0"><span class='ocrx_word' id='word_1_454' title='bbox 847 2701 887 2742; x_wconf 84' lang='lat' dir='ltr'><strong>rae</strong></span> <span class='ocrx_word' id='word_1_455' title='bbox 899 2701 932 2742; x_wconf 85' lang='lat' dir='ltr'><strong>ex</strong></span> <span class='ocrx_word' id='word_1_456' title='bbox 946 2685 1027 2741; x_wconf 81' lang='lat' dir='ltr'><strong>lactis</strong></span> <span class='ocrx_word' id='word_1_457' title='bbox 1040 2683 1143 2739; x_wconf 80' lang='lat' dir='ltr'><strong>christi</strong></span> <span class='ocrx_word' id='word_1_458' title='bbox 1159 2688 1186 2739; x_wconf 92' lang='lat' dir='ltr'><strong>et</strong></span> <span class='ocrx_word' id='word_1_459' title='bbox 1201 2685 1370 2740; x_wconf 85' lang='lat' dir='ltr'><strong>Sanctorum</strong></span> <span class='ocrx_word' id='word_1_460' title='bbox 1384 2685 1435 2740; x_wconf 90' lang='lat' dir='ltr'><strong>de-</strong></span> 
     </span>
     <span class='ocr_line' id='line_1_88' title="bbox 849 2753 1434 2827; baseline 0 -15"><span class='ocrx_word' id='word_1_461' title='bbox 849 2758 917 2813; x_wconf 90' lang='lat' dir='ltr'><strong>bent</strong></span> <span class='ocrx_word' id='word_1_462' title='bbox 926 2759 1104 2827; x_wconf 82' lang='lat' dir='ltr'><strong>interpretari</strong></span> <span class='ocrx_word' id='word_1_463' title='bbox 1113 2771 1120 2823; x_wconf 91' lang='lat'>;</span> <span class='ocrx_word' id='word_1_464' title='bbox 1130 2753 1171 2811; x_wconf 87' lang='lat' dir='ltr'><strong>sic</strong></span> <span class='ocrx_word' id='word_1_465' title='bbox 1181 2771 1249 2826; x_wconf 88' lang='lat' dir='ltr'><strong>ergo</strong></span> <span class='ocrx_word' id='word_1_466' title='bbox 1259 2756 1346 2810; x_wconf 89' lang='lat' dir='ltr'><strong>Sacra</strong></span> <span class='ocrx_word' id='word_1_467' title='bbox 1359 2757 1434 2812; x_wconf 86' lang='lat' dir='ltr'><strong>Seri-</strong></span> 
     </span>
     <span class='ocr_line' id='line_1_89' title="bbox 847 2827 1434 2900; baseline -0.002 -16"><span class='ocrx_word' id='word_1_468' title='bbox 847 2837 932 2900; x_wconf 89' lang='lat' dir='ltr'><strong>ptura</strong></span> <span class='ocrx_word' id='word_1_469' title='bbox 953 2827 1167 2899; x_wconf 88' lang='lat' dir='ltr'><strong>interpretanda</strong></span> <span class='ocrx_word' id='word_1_470' title='bbox 1190 2835 1249 2894; x_wconf 89' lang='lat' dir='ltr'><strong>est,</strong></span> <span class='ocrx_word' id='word_1_471' title='bbox 1277 2827 1434 2884; x_wconf 86' lang='lat' dir='ltr'><strong>secundum</strong></span> 
     </span>
     <span class='ocr_line' id='line_1_90' title="bbox 847 2897 1433 2971; baseline -0.003 -15"><span class='ocrx_word' id='word_1_472' title='bbox 847 2900 922 2971; x_wconf 85' lang='lat' dir='ltr'><strong>quod</strong></span> <span class='ocrx_word' id='word_1_473' title='bbox 935 2899 1064 2956; x_wconf 82' lang='lat' dir='ltr'><strong>Christus</strong></span> <span class='ocrx_word' id='word_1_474' title='bbox 1074 2907 1103 2954; x_wconf 89' lang='lat' dir='ltr'><strong>et</strong></span> <span class='ocrx_word' id='word_1_475' title='bbox 1116 2897 1210 2958; x_wconf 87' lang='lat' dir='ltr'><strong>Sancti</strong></span> <span class='ocrx_word' id='word_1_476' title='bbox 1221 2913 1285 2954; x_wconf 90' lang='lat' dir='ltr'><strong>eam</strong></span> <span class='ocrx_word' id='word_1_477' title='bbox 1299 2913 1433 2954; x_wconf 83' lang='lat' dir='ltr'><strong>servave-</strong></span> 
     </span>
     <span class='ocr_line' id='line_1_91' title="bbox 847 2967 1435 3042; baseline -0.002 -15"><span class='ocrx_word' id='word_1_478' title='bbox 847 2977 924 3028; x_wconf 90' lang='lat' dir='ltr'><strong>runt.</strong></span> <span class='ocrx_word' id='word_1_479' title='bbox 936 2969 1064 3028; x_wconf 88' lang='lat' dir='ltr'><strong>Christus</strong></span> <span class='ocrx_word' id='word_1_480' title='bbox 1074 2975 1180 3038; x_wconf 88' lang='lat' dir='ltr'><strong>autem,</strong></span> <span class='ocrx_word' id='word_1_481' title='bbox 1190 2967 1239 3040; x_wconf 85' lang='lat' dir='ltr'><strong>qui</strong></span> <span class='ocrx_word' id='word_1_482' title='bbox 1249 2971 1348 3040; x_wconf 85' lang='lat' dir='ltr'><strong>ulique</strong></span> <span class='ocrx_word' id='word_1_483' title='bbox 1358 2986 1435 3042; x_wconf 80' lang='lat' dir='ltr'><strong>prae·</strong></span> 
     </span>
     <span class='ocr_line' id='line_1_92' title="bbox 847 3037 1434 3123; baseline -0.003 -23"><span class='ocrx_word' id='word_1_484' title='bbox 847 3048 1001 3114; x_wconf 75' lang='lat' dir='ltr'><strong>septaque</strong></span> <span class='ocrx_word' id='word_1_485' title='bbox 1015 3039 1111 3097; x_wconf 85' lang='lat' dir='ltr'><strong>docuit</strong></span> <span class='ocrx_word' id='word_1_486' title='bbox 1123 3040 1202 3112; x_wconf 82' lang='lat' dir='ltr'><strong>prius</strong></span> <span class='ocrx_word' id='word_1_487' title='bbox 1212 3037 1350 3123; x_wconf 84' lang='lat' dir='ltr'><strong>implent.</strong></span> <span class='ocrx_word' id='word_1_488' title='bbox 1365 3047 1394 3098; x_wconf 91' lang='lat' dir='ltr'><strong>et</strong></span> <span class='ocrx_word' id='word_1_489' title='bbox 1405 3043 1434 3098; x_wconf 89' lang='lat' dir='ltr'><strong>iu</strong></span> 
     </span>
     <span class='ocr_line' id='line_1_93' title="bbox 846 3111 1433 3186; baseline -0.005 -15"><span class='ocrx_word' id='word_1_490' title='bbox 846 3115 972 3181; x_wconf 86' lang='lat' dir='ltr'><strong>homine,</strong></span> <span class='ocrx_word' id='word_1_491' title='bbox 984 3129 1069 3186; x_wconf 85' lang='lat' dir='ltr'><strong>quem</strong></span> <span class='ocrx_word' id='word_1_492' title='bbox 1082 3111 1224 3182; x_wconf 88' lang='lat' dir='ltr'><strong>suscipere</strong></span> <span class='ocrx_word' id='word_1_493' title='bbox 1233 3111 1369 3185; x_wconf 79' lang='lat' dir='ltr'><strong>dignatus</strong></span> <span class='ocrx_word' id='word_1_494' title='bbox 1379 3117 1433 3180; x_wconf 90' lang='lat' dir='ltr'><strong>est,</strong></span> 
     </span>
     <span class='ocr_line' id='line_1_94' title="bbox 846 3183 1432 3256; baseline -0.003 -14"><span class='ocrx_word' id='word_1_495' title='bbox 846 3185 958 3242; x_wconf 91' lang='lat' dir='ltr'><strong>vivendi</strong></span> <span class='ocrx_word' id='word_1_496' title='bbox 974 3183 1058 3242; x_wconf 90' lang='lat' dir='ltr'><strong>nobis</strong></span> <span class='ocrx_word' id='word_1_497' title='bbox 1073 3183 1232 3256; x_wconf 80' lang='lat' dir='ltr'><strong>exemplum</strong></span> <span class='ocrx_word' id='word_1_498' title='bbox 1247 3183 1359 3254; x_wconf 87' lang='lat' dir='ltr'><strong>tribuit,</strong></span> <span class='ocrx_word' id='word_1_499' title='bbox 1374 3201 1432 3240; x_wconf 92' lang='lat' dir='ltr'><strong>non</strong></span> 
     </span>
     <span class='ocr_line' id='line_1_95' title="bbox 847 3254 1432 3326; baseline 0 -14"><span class='ocrx_word' id='word_1_500' title='bbox 847 3255 969 3326; x_wconf 85' lang='lat' dir='ltr'><strong>praebuit</strong></span> <span class='ocrx_word' id='word_1_501' title='bbox 991 3255 1037 3313; x_wconf 88' lang='lat' dir='ltr'><strong>isti</strong></span> <span class='ocrx_word' id='word_1_502' title='bbox 1068 3254 1153 3313; x_wconf 90' lang='lat' dir='ltr'><strong>aliam</strong></span> <span class='ocrx_word' id='word_1_503' title='bbox 1184 3255 1345 3324; x_wconf 87' lang='lat' dir='ltr'><strong>maxillam;</strong></span> <span class='ocrx_word' id='word_1_504' title='bbox 1382 3271 1432 3312; x_wconf 88' lang='lat' dir='ltr'><strong>uec</strong></span> 
     </span>
     <span class='ocr_line' id='line_1_96' title="bbox 848 3324 1433 3398; baseline -0.005 -13"><span class='ocrx_word' id='word_1_505' title='bbox 848 3329 964 3398; x_wconf 88' lang='lat' dir='ltr'><strong>Paulus,</strong></span> <span class='ocrx_word' id='word_1_506' title='bbox 986 3335 1017 3385; x_wconf 91' lang='lat' dir='ltr'><strong>ut</strong></span> <span class='ocrx_word' id='word_1_507' title='bbox 1046 3329 1076 3384; x_wconf 90' lang='lat' dir='ltr'><strong>in</strong></span> <span class='ocrx_word' id='word_1_508' title='bbox 1097 3325 1214 3384; x_wconf 78' lang='lat' dir='ltr'><strong>Actibus</strong></span> <span class='ocrx_word' id='word_1_509' title='bbox 1241 3324 1358 3398; x_wconf 84' lang='lat' dir='ltr'><strong>legitur,</strong></span> <span class='ocrx_word' id='word_1_510' title='bbox 1378 3327 1433 3382; x_wconf 88' lang='lat' dir='ltr'><strong>hoc</strong></span> 
     </span>
     <span class='ocr_line' id='line_1_97' title="bbox 847 3396 1433 3470; baseline -0.005 -14"><span class='ocrx_word' id='word_1_511' title='bbox 847 3400 924 3468; x_wconf 84' lang='lat' dir='ltr'><strong>iecit,</strong></span> <span class='ocrx_word' id='word_1_512' title='bbox 938 3399 1094 3457; x_wconf 86' lang='lat' dir='ltr'><strong>ostendens</strong></span> <span class='ocrx_word' id='word_1_513' title='bbox 1103 3396 1273 3470; x_wconf 88' lang='lat' dir='ltr'><strong>percutienti</strong></span> <span class='ocrx_word' id='word_1_514' title='bbox 1287 3397 1433 3454; x_wconf 82' lang='lat' dir='ltr'><strong>maxillam</strong></span> 
     </span>
     <span class='ocr_line' id='line_1_98' title="bbox 849 3469 1434 3544; baseline -0.005 -15"><span class='ocrx_word' id='word_1_515' title='bbox 849 3489 905 3529; x_wconf 90' lang='lat' dir='ltr'><strong>uon</strong></span> <span class='ocrx_word' id='word_1_516' title='bbox 922 3478 986 3529; x_wconf 86' lang='lat' dir='ltr'><strong>actu</strong></span> <span class='ocrx_word' id='word_1_517' title='bbox 1000 3471 1062 3544; x_wconf 90' lang='lat' dir='ltr'><strong>ipso</strong></span> <span class='ocrx_word' id='word_1_518' title='bbox 1077 3469 1258 3542; x_wconf 72' lang='lat' dir='ltr'><strong>praebendam</strong></span> <span class='ocrx_word' id='word_1_519' title='bbox 1278 3485 1340 3526; x_wconf 87' lang='lat' dir='ltr'><strong>esse</strong></span> <span class='ocrx_word' id='word_1_520' title='bbox 1355 3469 1434 3526; x_wconf 91' lang='lat' dir='ltr'><strong>alte-</strong></span> 
     </span>
     <span class='ocr_line' id='line_1_99' title="bbox 847 3541 1433 3614; baseline -0.005 -14"><span class='ocrx_word' id='word_1_521' title='bbox 847 3560 920 3604; x_wconf 83' lang='lat' dir='ltr'><strong>ram.</strong></span> <span class='ocrx_word' id='word_1_522' title='bbox 937 3543 987 3600; x_wconf 89' lang='lat' dir='ltr'><strong>sed</strong></span> <span class='ocrx_word' id='word_1_523' title='bbox 1002 3541 1099 3599; x_wconf 87' lang='lat' dir='ltr'><strong>animo</strong></span> <span class='ocrx_word' id='word_1_524' title='bbox 1114 3549 1244 3614; x_wconf 88' lang='lat' dir='ltr'><strong>paratum</strong></span> <span class='ocrx_word' id='word_1_525' title='bbox 1255 3555 1319 3598; x_wconf 90' lang='lat' dir='ltr'><strong>esse</strong></span> <span class='ocrx_word' id='word_1_526' title='bbox 1336 3541 1374 3597; x_wconf 86' lang='lat' dir='ltr'><strong>ad</strong></span> <span class='ocrx_word' id='word_1_527' title='bbox 1388 3556 1433 3612; x_wconf 88' lang='lat' dir='ltr'><strong>pa·</strong></span> 
     </span>
     <span class='ocr_line' id='line_1_100' title="bbox 847 3611 1430 3685; baseline -0.003 -16"><span class='ocrx_word' id='word_1_528' title='bbox 847 3615 987 3682; x_wconf 88' lang='lat' dir='ltr'><strong>tiendum,</strong></span> <span class='ocrx_word' id='word_1_529' title='bbox 1003 3613 1027 3670; x_wconf 91' lang='lat' dir='ltr'><strong>si</strong></span> <span class='ocrx_word' id='word_1_530' title='bbox 1042 3629 1113 3685; x_wconf 87' lang='lat' dir='ltr'><strong>opas</strong></span> <span class='ocrx_word' id='word_1_531' title='bbox 1128 3613 1173 3669; x_wconf 91' lang='lat' dir='ltr'><strong>sit.</strong></span> <span class='ocrx_word' id='word_1_532' title='bbox 1188 3611 1261 3668; x_wconf 83' lang='lat' dir='ltr'><strong>Fieri</strong></span> <span class='ocrx_word' id='word_1_533' title='bbox 1276 3611 1354 3668; x_wconf 90' lang='lat' dir='ltr'><strong>enim</strong></span> <span class='ocrx_word' id='word_1_534' title='bbox 1388 3617 1430 3668; x_wconf 93' lang='lat' dir='ltr'><strong>ot·</strong></span> 
     </span>
     <span class='ocr_line' id='line_1_101' title="bbox 847 3629 1432 3754; baseline -0.009 -11"><span class='ocrx_word' id='word_1_535' title='bbox 847 3696 900 3754; x_wconf 89' lang='lat' dir='ltr'><strong>est,</strong></span> <span class='ocrx_word' id='word_1_536' title='bbox 922 3696 953 3743; x_wconf 91' lang='lat' dir='ltr'><strong>ut</strong></span> <span class='ocrx_word' id='word_1_537' title='bbox 976 3685 1095 3742; x_wconf 90' lang='lat' dir='ltr'><strong>aiteram</strong></span> <span class='ocrx_word' id='word_1_538' title='bbox 1119 3683 1262 3741; x_wconf 82' lang='lat' dir='ltr'><strong>maxillam</strong></span> <span class='ocrx_word' id='word_1_539' title='bbox 1282 3629 1432 3740; x_wconf 59' lang='lat' dir='ltr'><strong>visibifiter</strong></span> 
     </span>
     <span class='ocr_line' id='line_1_102' title="bbox 845 3754 1431 3830; baseline -0.007 -16"><span class='ocrx_word' id='word_1_540' title='bbox 845 3759 930 3814; x_wconf 81' lang='lat' dir='ltr'><strong>homo</strong></span> <span class='ocrx_word' id='word_1_541' title='bbox 945 3758 1073 3830; x_wconf 76' lang='lat' dir='ltr'><strong>prebeat</strong></span> <span class='ocrx_word' id='word_1_542' title='bbox 1091 3761 1121 3812; x_wconf 93' lang='lat' dir='ltr'><strong>et</strong></span> <span class='ocrx_word' id='word_1_543' title='bbox 1143 3757 1242 3812; x_wconf 87' lang='lat' dir='ltr'><strong>iratus.</strong></span> <span class='ocrx_word' id='word_1_544' title='bbox 1260 3754 1315 3812; x_wconf 90' lang='lat' dir='ltr'><strong>Sed</strong></span> <span class='ocrx_word' id='word_1_545' title='bbox 1332 3756 1431 3812; x_wconf 88' lang='lat' dir='ltr'><strong>beatus</strong></span> 
     </span>
     <span class='ocr_line' id='line_1_103' title="bbox 846 3825 1429 3911; baseline -0.009 -25"><span class='ocrx_word' id='word_1_546' title='bbox 846 3834 899 3898; x_wconf 87' lang='lat' dir='ltr'><strong>est,</strong></span> <span class='ocrx_word' id='word_1_547' title='bbox 916 3828 965 3911; x_wconf 85' lang='lat' dir='ltr'><strong>qui</strong></span> <span class='ocrx_word' id='word_1_548' title='bbox 985 3831 1012 3884; x_wconf 90' lang='lat' dir='ltr'><strong>in</strong></span> <span class='ocrx_word' id='word_1_549' title='bbox 1029 3826 1162 3886; x_wconf 90' lang='lat' dir='ltr'><strong>omnibus</strong></span> <span class='ocrx_word' id='word_1_550' title='bbox 1177 3842 1240 3898; x_wconf 77' lang='lat' dir='ltr'><strong>qnae</strong></span> <span class='ocrx_word' id='word_1_551' title='bbox 1254 3825 1361 3908; x_wconf 75' lang='lat' dir='ltr'><strong>injuste</strong></span> <span class='ocrx_word' id='word_1_552' title='bbox 1376 3842 1429 3910; x_wconf 83' lang='lat' dir='ltr'><strong>pro</strong></span> 
     </span>
     <span class='ocr_line' id='line_1_104' title="bbox 842 3898 1430 3974; baseline -0.009 -16"><span class='ocrx_word' id='word_1_553' title='bbox 842 3900 955 3974; x_wconf 77' lang='lat' dir='ltr'><strong>justitia</strong></span> <span class='ocrx_word' id='word_1_554' title='bbox 969 3898 1085 3973; x_wconf 90' lang='lat' dir='ltr'><strong>patitur,</strong></span> <span class='ocrx_word' id='word_1_555' title='bbox 1095 3903 1189 3971; x_wconf 87' lang='lat' dir='ltr'><strong>potest</strong></span> <span class='ocrx_word' id='word_1_556' title='bbox 1201 3905 1343 3955; x_wconf 89' lang='lat' dir='ltr'><strong>veracrter</strong></span> <span class='ocrx_word' id='word_1_557' title='bbox 1355 3898 1430 3954; x_wconf 82' lang='lat' dir='ltr'><strong>drae-</strong></span> 
     </span>
     <span class='ocr_line' id='line_1_105' title="bbox 845 3973 1430 4034; baseline -0.007 -6"><span class='ocrx_word' id='word_1_558' title='bbox 845 3989 876 4029; x_wconf 91' lang='lat' dir='ltr'><strong>re</strong></span> <span class='ocrx_word' id='word_1_559' title='bbox 893 3991 899 4028; x_wconf 87' lang='lat'>:</span> <span class='ocrx_word' id='word_1_560' title='bbox 914 3974 1048 4028; x_wconf 85' lang='lat' dir='ltr'><strong>Paratum</strong></span> <span class='ocrx_word' id='word_1_561' title='bbox 1061 3987 1107 4027; x_wconf 91' lang='lat' dir='ltr'><strong>cor</strong></span> <span class='ocrx_word' id='word_1_562' title='bbox 1128 3985 1227 4034; x_wconf 86' lang='lat' dir='ltr'><strong>meum,</strong></span> <span class='ocrx_word' id='word_1_563' title='bbox 1243 3973 1326 4032; x_wconf 83' lang='lat' dir='ltr'><strong>Dens,</strong></span> <span class='ocrx_word' id='word_1_564' title='bbox 1383 3985 1430 4024; x_wconf 86' lang='lat' dir='ltr'><strong>re·</strong></span> 
     </span>
     <span class='ocr_line' id='line_1_106' title="bbox 845 4038 1429 4100; baseline -0.01 0"><span class='ocrx_word' id='word_1_565' title='bbox 845 4049 903 4100; x_wconf 86' lang='lat' dir='ltr'><strong>lum</strong></span> <span class='ocrx_word' id='word_1_566' title='bbox 930 4060 976 4099; x_wconf 86' lang='lat' dir='ltr'><strong>cor</strong></span> <span class='ocrx_word' id='word_1_567' title='bbox 998 4059 1097 4100; x_wconf 85' lang='lat' dir='ltr'><strong>meum.</strong></span> <span class='ocrx_word' id='word_1_568' title='bbox 1117 4042 1195 4098; x_wconf 91' lang='lat' dir='ltr'><strong>Unde</strong></span> <span class='ocrx_word' id='word_1_569' title='bbox 1222 4039 1299 4097; x_wconf 84' lang='lat' dir='ltr'><strong>istud</strong></span> <span class='ocrx_word' id='word_1_570' title='bbox 1323 4039 1344 4096; x_wconf 89' lang='lat' dir='ltr'>C</span> <span class='ocrx_word' id='word_1_571' title='bbox 1368 4038 1429 4096; x_wconf 87' lang='lat' dir='ltr'><strong>risti</strong></span> 
     </span>
     <span class='ocr_line' id='line_1_107' title="bbox 845 4111 1431 4188; baseline -0.007 -18"><span class='ocrx_word' id='word_1_572' title='bbox 845 4125 1032 4188; x_wconf 77' lang='lat' dir='ltr'><strong>preceptum,</strong></span> <span class='ocrx_word' id='word_1_573' title='bbox 1051 4113 1085 4170; x_wconf 91' lang='lat' dir='ltr'><strong>de</strong></span> <span class='ocrx_word' id='word_1_574' title='bbox 1106 4113 1261 4184; x_wconf 83' lang='lat' dir='ltr'><strong>praebendo</strong></span> <span class='ocrx_word' id='word_1_575' title='bbox 1286 4111 1431 4168; x_wconf 78' lang='lat' dir='ltr'><strong>maxillam</strong></span> 
     </span>
     <span class='ocr_line' id='line_1_108' title="bbox 844 4182 1429 4255; baseline -0.01 -11"><span class='ocrx_word' id='word_1_576' title='bbox 844 4187 942 4255; x_wconf 88' lang='lat' dir='ltr'><strong>aliam,</strong></span> <span class='ocrx_word' id='word_1_577' title='bbox 958 4191 987 4242; x_wconf 94' lang='lat' dir='ltr'><strong>et</strong></span> <span class='ocrx_word' id='word_1_578' title='bbox 1000 4183 1131 4242; x_wconf 80' lang='lat' dir='ltr'><strong>similiter</strong></span> <span class='ocrx_word' id='word_1_579' title='bbox 1146 4184 1181 4241; x_wconf 92' lang='lat' dir='ltr'><strong>de</strong></span> <span class='ocrx_word' id='word_1_580' title='bbox 1196 4201 1253 4240; x_wconf 91' lang='lat' dir='ltr'><strong>non</strong></span> <span class='ocrx_word' id='word_1_581' title='bbox 1269 4182 1429 4240; x_wconf 88' lang='lat' dir='ltr'><strong>resistendo</strong></span> 
     </span>
     <span class='ocr_line' id='line_1_109' title="bbox 845 4255 1430 4328; baseline -0.014 -12"><span class='ocrx_word' id='word_1_582' title='bbox 845 4259 931 4326; x_wconf 93' lang='lat' dir='ltr'><strong>malo,</strong></span> <span class='ocrx_word' id='word_1_583' title='bbox 951 4262 980 4314; x_wconf 92' lang='lat' dir='ltr'><strong>et</strong></span> <span class='ocrx_word' id='word_1_584' title='bbox 1003 4259 1086 4328; x_wconf 92' lang='lat' dir='ltr'><strong>plura</strong></span> <span class='ocrx_word' id='word_1_585' title='bbox 1109 4255 1176 4324; x_wconf 90' lang='lat' dir='ltr'><strong>alia,</strong></span> <span class='ocrx_word' id='word_1_586' title='bbox 1202 4271 1260 4312; x_wconf 89' lang='lat' dir='ltr'><strong>noa</strong></span> <span class='ocrx_word' id='word_1_587' title='bbox 1280 4255 1386 4310; x_wconf 90' lang='lat' dir='ltr'><strong>dantur</strong></span> <span class='ocrx_word' id='word_1_588' title='bbox 1402 4259 1430 4310; x_wconf 91' lang='lat' dir='ltr'><strong>et</strong></span> 
     </span>
     <span class='ocr_line' id='line_1_110' title="bbox 844 4325 1428 4402; baseline -0.012 -14"><span class='ocrx_word' id='word_1_589' title='bbox 844 4329 1043 4402; x_wconf 88' lang='lat' dir='ltr'><strong>intelliguntur</strong></span> <span class='ocrx_word' id='word_1_590' title='bbox 1057 4327 1186 4386; x_wconf 84' lang='lat' dir='ltr'><strong>absolute</strong></span> <span class='ocrx_word' id='word_1_591' title='bbox 1200 4331 1229 4383; x_wconf 89' lang='lat' dir='ltr'><strong>el</strong></span> <span class='ocrx_word' id='word_1_592' title='bbox 1242 4325 1428 4392; x_wconf 78' lang='lat' dir='ltr'><strong>adhiberem,</strong></span> 
     </span>
     <span class='ocr_line' id='line_1_111' title="bbox 844 4397 1430 4474; baseline -0.014 -14"><span class='ocrx_word' id='word_1_593' title='bbox 844 4403 894 4461; x_wconf 91' lang='lat' dir='ltr'><strong>sed</strong></span> <span class='ocrx_word' id='word_1_594' title='bbox 907 4399 999 4474; x_wconf 83' lang='lat' dir='ltr'><strong>magis</strong></span> <span class='ocrx_word' id='word_1_595' title='bbox 1013 4399 1167 4459; x_wconf 87' lang='lat' dir='ltr'><strong>secundum</strong></span> <span class='ocrx_word' id='word_1_596' title='bbox 1186 4397 1273 4456; x_wconf 86' lang='lat' dir='ltr'><strong>animi</strong></span> <span class='ocrx_word' id='word_1_597' title='bbox 1288 4412 1430 4471; x_wconf 84' lang='lat' dir='ltr'><strong>praepara·</strong></span> 
     </span>
    </p>
   </div>
   <div class='ocr_carea' id='block_1_6' title="bbox 0 0 1522 5042">
    <p class='ocr_par' dir='ltr' id='par_1_7' title="bbox 0 0 1522 5042">
     <span class='ocr_line' id='line_1_112' title="bbox 0 0 1522 5042; baseline 0 0"><span class='ocrx_word' id='word_1_598' title='bbox 0 0 1522 5042; x_wconf 95' lang='lat' dir='ltr'><strong> </strong></span> 
     </span>
    </p>
   </div>
  </div>
 </body>
</html>
