3104 5034
302 403 340 456 ul
366 403 610 464 tssttttlltull,
640 403 678 456 ll
708 405 817 459 llttlte
845 405 957 460 uultu
984 407 1153 460 viltulttls
1303 410 1348 462 tes

568 713 705 787 CAPUT
731 714 900 787 LXXXVI

377 954 415 999 uc
428 931 645 1012 i'issuiirmoua,
668 955 704 999 cr
716 953 816 1000 ciuus
832 954 938 1000 saara
951 953 1090 1003 mnemis.

159 1147 248 1204 iViri
259 1146 291 1201 B.
305 1145 403 1201 ldnniiii
414 1145 539 1202 Vinoiiiis
551 1161 616 1201 rosi
626 1143 705 1203 tiam·
761 1145 916 1204 scensionis
929 1145 1058 1220 vestigia,
1068 1153 1098 1206 et
1111 1150 1206 1209 lucum
1221 1155 1345 1225 sepultu-

119 1235 161 1274 sii
173 1218 372 1276 dscsusioriiiii.
391 1233 422 1274 si
435 1233 519 1275 cocus
531 1233 704 1273 ooaniriouis
761 1233 801 1274 rae
820 1234 853 1275 ac
873 1219 1107 1290 Resurrectiouis,
1122 1237 1173 1281 seu
1191 1224 1296 1294 omnia,
1314 1225 1345 1285 in

122 1305 218 1346 irsius.
249 1319 280 1330 -
305 1287 466 1344 Permansit
495 1293 589 1346 aulem
618 1289 706 1346 Beata
761 1287 864 1362 quibus
878 1305 980 1362 passus
991 1297 1035 1348 est
1049 1291 1112 1351 loca
1124 1291 1268 1354 invisere:
1286 1313 1344 1356 non

119 1361 215 1432 Virgo,
236 1358 372 1432 quamdiu
386 1358 463 1426 iiiit,
478 1359 507 1418 in
524 1363 620 1418 moute
634 1359 703 1418 Sion
761 1360 837 1432 quod
858 1361 918 1434 jaiii
945 1364 1087 1421 viventem
1112 1373 1252 1436 quereret
1279 1385 1344 1428 cum

120 1431 268 1506 praedicto,
288 1429 335 1489 ubi
358 1436 402 1488 est
418 1433 489 1488 calla
511 1429 540 1488 in
560 1447 616 1504 que
641 1435 705 1504 post
760 1435 891 1500 mortuis,
901 1433 995 1502 sed,ut
1004 1439 1063 1490 suis
1074 1435 1215 1495 solaretur
1224 1441 1344 1509 aspecti-

119 1502 322 1562 Ascensiooem
334 1501 396 1559 Filii
410 1504 452 1560 sui
464 1505 631 1560 morabatur
643 1519 705 1562 ora·
760 1505 825 1562 bus.
842 1506 876 1560 Et
887 1503 962 1568 ideo,
975 1521 1060 1576 uuam
1075 1521 1150 1574 sasire
1165 1509 1291 1568 locorum
1304 1529 1346 1571 re-

121 1575 192 1633 tioni
204 1576 342 1644 vocando,
359 1579 387 1631 et
404 1591 438 1631 ea
449 1591 512 1647 quae
531 1582 705 1646 cognoverat
761 1577 914 1633 creabatur
926 1575 1145 1648 visitationibus,
1155 1585 1184 1637 et
1200 1597 1285 1653 quem
1296 1599 1343 1656 ge·

120 1645 303 1704 revolvendo.
322 1645 468 1703 Estetiam
490 1645 528 1704 ibi
546 1645 603 1703 alia
621 1647 703 1716 cella,
761 1652 863 1704 nuerat
875 1646 952 1704 lideli
968 1647 1080 1720 spiritu,
1097 1651 1200 1710 mentis
1222 1655 1346 1727 comple·

121 1717 230 1776 scilicet
261 1716 336 1776 beati
358 1716 479 1776 loannis
508 1718 704 1790 dinoscimus,
761 1720 881 1775 sabatur
906 1718 1098 1791 ampliuitiusl
1126 1725 1192 1780 »Et
1215 1726 1344 1787 ilerum:

124 1807 188 1862 quie
211 1787 263 1846 luit
287 1788 379 1860 prima
402 1791 528 1846 Ecclesia
553 1789 662 1858 mundi,
676 1791 705 1847 in
762 1791 1345 1864 iiQuamsauedugelusliabrielintactam

124 1877 181 1933 qua
202 1861 355 1918 celebravit
381 1859 503 1933 primam
531 1861 647 1920 missam
677 1864 705 1918 in
762 1861 1347 1950 custodivitetlosonesvirgollirginem

123 1939 274 2005 conspectu
293 1935 387 1990 Beatae
409 1931 543 2004 Virginis,
559 1938 587 1990 et
601 1949 706 2006 quam·
761 1933 885 1992 servavit
899 1933 1175 2002 suisiineileservirit
1189 1940 1345 2011 obsecutis:

122 2005 170 2062 diu
184 2007 243 2078 ipsa
256 2003 323 2060 vixit
335 2011 399 2077 post
414 2007 616 2062 Ascensionem
633 2005 705 2062 Filii.
764 2021 820 2062 non
836 2004 912 2077 quod
922 2004 1041 2062 eximius
1052 2006 1099 2063 ille
1109 2015 1273 2070 sanctorum
1284 2014 1350 2071 clio-

124 2079 185 2145 Quo
201 2076 314 2147 quidem
329 2083 458 2148 tempore
473 2075 587 2148 quantis
603 2076 708 2134 doloris
763 2076 1020 2149 rustlpostolorum
1030 2093 1093 2134 eam
1104 2079 1262 2140 deseruerit
1272 2083 1348 2141 inter

124 2155 151 2205 el
162 2147 270 2204 amoris
281 2146 433 2205 ardoribus
447 2147 610 2205 aestuaverit
626 2153 709 2205 teste·

124 2223 170 2276 tur
191 2222 383 2289 Hieronymus,
404 2219 453 2292 qui
476 2219 511 2276 de
535 2235 569 2277 ea
593 2219 706 2277 siluit:

125 2316 138 2340 i
155 2291 287 2349 Celerum
300 2307 332 2347 ro
353 2307 370 2347 o
384 2291 507 2374 cogitate
521 2291 670 2358 attentius,
680 2295 709 2349 el

125 2307 709 2508 icititcciictleruuselli:

125 2505 245 2575 loribus,
258 2513 322 2578 post
332 2503 434 2563 Clirisli
448 2521 595 2563 ascensum
606 2507 643 2564 ad
656 2521 710 2564 coe·

125 2577 177 2641 los,
193 2577 310 2646 eipletts
337 2576 471 2634 omnibus
495 2594 558 2646 uuae
587 2578 623 2636 de
647 2577 709 2651 ipso

126 2657 209 2706 erant
221 2650 258 2706 ab
272 2648 387 2731 Angelis
399 2647 562 2722 praedicata,
574 2657 603 2706 et
615 2667 632 2708 a
643 2653 710 2706 l’ro-

125 2719 219 2794 phetis
245 2719 397 2777 multilaric
425 2719 579 2794 multisque
617 2721 710 2779 modis

129 2793 310 2864 praesignata,
326 2791 428 2848 divinis
444 2791 589 2850 declarata
604 2809 711 2850 oracu-

127 2863 173 2932 lis,
188 2863 340 2921 virtutibus
354 2863 489 2920 eiliitiita.
500 2870 528 2920 el
538 2880 602 2936 que
615 2867 712 2921 liuma-

128 2935 224 2993 nitatis
234 2939 425 2992 sunlostensa
433 2936 587 3007 presagio.
599 2937 712 3005 Quaeso,

128 3007 152 3065 si
167 3023 226 3080 que
239 3013 306 3064 sunt
324 3005 355 3064 in
369 3008 450 3064 vohis
464 3005 574 3064 viscera
588 3006 710 3079 pietatis,

129 3079 308 3137 considerate
331 3095 387 3150 quo
411 3077 591 3136 cruciabatur
604 3093 713 3149 amore,

150 3167 222 3208 uovo
234 3149 377 3208 desiderio
392 3149 519 3208 aestuavit
537 3153 598 3207 liaec
617 3151 714 3218 virio,

130 3167 199 3280 Xum
226 3223 384 3280 revolveret
412 3220 508 3278 auimo
530 3225 631 3279 cuncta
651 3236 715 3293 quae

130 3293 272 3363 audierat,
285 3310 349 3367 quae
363 3291 482 3362 viderat,
497 3309 560 3377 qnae
574 3309 715 3352 coenose·

131 3372 186 3424 rot.
203 3366 287 3436 Puto,
306 3365 382 3438 quod
397 3364 537 3437 quiduuid
552 3364 646 3422 cordis
661 3367 715 3434 est,

131 3437 270 3509 quidquid
304 3435 420 3506 mentis,
439 3437 578 3510 quidquid
605 3440 718 3494 virtutis

130 3507 302 3579 humenae,si
314 3513 404 3566 totuin
414 3506 562 3578 adhibeas,
572 3524 630 3565 non
638 3507 717 3565 sulii-

131 3581 197 3648 ciet,
210 3584 241 3638 ut
252 3579 377 3652 cogitare
391 3579 605 3652 isteacquiiiio
616 3579 719 3636 indesi-

131 3658 235 3710 nenter
249 3651 429 3709 cruciabatur
441 3653 543 3707 ardore
553 3649 673 3722 piissimi
686 3667 717 3707 a·

132 3721 233 3792 moris,
247 3721 361 3794 quantis
373 3723 540 3779 movebatur
550 3721 621 3779 iotis
630 3721 720 3795 reple·

131 3799 161 3924 ἵ
181 3794 286 3868 Spiritu
306 3796 419 3863 Sancto,
434 3791 548 3866 quantis
563 3793 719 3852 coelestium

149 3871 309 3924 ecretoruin
339 3865 588 3938 transportabatur
614 3864 719 3922 incita-

132 3937 245 3996 mentis.
264 3939 390 3995 soriam
405 3953 485 4009 ergo.
502 3953 559 4008 iirae
580 3939 667 3994 nimio
682 3953 719 3993 a-

133 4025 225 4079 more,
241 4010 314 4068 hanc
324 4012 440 4067 Beatam
457 4008 600 4080 Virginem
611 4007 640 4066 iii
658 4009 720 4065 loco

135 4097 193 4154 quo
207 4085 334 4154 sepultus
349 4079 463 4148 dicitur,
482 4080 623 4138 interdurn
635 4079 720 4137 habi-

134 4159 211 4211 tasse
226 4153 380 4222 credimus,
395 4158 535 4224 quatenus
549 4152 603 4225 piis
618 4167 721 4224 pasce-

133 4233 215 4283 retur
238 4225 369 4283 internus
390 4239 472 4281 amor
492 4222 648 4282 obtutibus.
675 4222 720 4281 Sic

136 4313 261 4382 namque
283 4298 362 4355 locus
384 4295 496 4354 medius
512 4301 556 4354 est
575 4293 723 4353 hincinde

135 4375 318 4440 constitutus,
333 4372 366 4427 ut
387 4367 466 4426 adire
489 4373 587 4442 posset
601 4369 662 4439 ejus
680 4368 723 4423 Α-

764 2165 836 2220 quos
852 2155 915 2220 post
934 2149 1181 2209 Resurrectionem
1198 2154 1305 2212 intrans
1320 2160 1349 2213 el

765 2219 872 2288 exiens,
889 2217 1186 2280 lamilinriusconlnlit
1196 2224 1231 2281 de
1245 2225 1349 2285 Ctiristi

765 2290 964 2348 incarnatione
976 2308 983 2360 ;
994 2297 1022 2348 et
1034 2292 1070 2348 ad
1081 2295 1241 2366 exemplum
1253 2300 1351 2355 numa·

764 2380 810 2421 nae
825 2362 889 2420 vitae
901 2363 1079 2422 conversatio
1095 2369 1156 2434 ejus
1169 2373 1235 2440 post
1247 2371 1350 2428 Ascen-

765 2434 875 2492 siooeni
892 2432 995 2491 Christi
1009 2437 1181 2507 generaliter
1193 2457 1256 2498 cuni
1271 2443 1352 2514 Apo-

767 2505 848 2564 stolis
863 2505 925 2574 luit,
941 2521 1091 2579 quousque
1104 2507 1223 2582 dispersi
1237 2519 1304 2570 sunt
1319 2530 1351 2569 :ii

766 2579 828 2636 haec
843 2580 1034 2647 Hieronymus.
1048 2582 1198 2640 Estautem
1209 2581 1238 2640 in
1255 2589 1351 2642 monte

767 2650 835 2708 Stoa
857 2665 962 2720 magua
985 2655 1014 2706 et
1042 2651 1145 2710 devota
1167 2655 1298 2726 ecclesia,
1318 2656 1349 2713 in

769 2737 827 2793 qua
840 2723 970 2778 solebant
984 2737 1047 2780 esse
1062 2739 1126 2780 curii
1142 2726 1251 2784 Abbate
1266 2744 1352 2785 cano·

769 2793 824 2848 nici
854 2791 1010 2864 regulares,
1040 2797 1196 2852 secuudum
1224 2799 1352 2870 regulam

769 2863 846 2921 beati
864 2863 1013 2934 Augustini
1034 2864 1155 2922 Domino
1178 2868 1353 2940 servientes;

769 2937 846 2990 intra
860 2949 946 3004 quam
959 2939 1002 2990 est
1015 2935 1086 2992 cella
1101 2935 1130 2992 in
1142 2953 1201 3008 qna
1214 2938 1353 2998 habitavit

769 3009 856 3063 Beata
875 3005 959 3077 Virgo
974 3005 1075 3064 diebus
1092 3007 1155 3066 vitae
1171 3025 1231 3067 suia
1246 3018 1308 3083 pist
1319 3013 1355 3070 il·

770 3075 948 3134 sceusionem
971 3075 1033 3134 Filii
1050 3077 1113 3148 sui;
1129 3091 1158 3137 et
1174 3096 1262 3155 prope
1277 3081 1355 3142 illam

770 3149 882 3216 cellam,
897 3151 941 3206 est
958 3151 986 3204 et
1003 3148 1060 3206 elia
1085 3151 1166 3220 cells,
1181 3152 1211 3209 in
1232 3171 1290 3226 uua
1304 3157 1357 3212 mi·

770 3218 864 3293 gravit
877 3218 914 3276 ad
928 3221 1040 3304 coeluin,
1053 3237 1102 3288 per
1112 3224 1235 3295 Angelus
1247 3241 1356 3284 assum·

770 3297 830 3374 pta.
844 3291 933 3374 Cujus
945 3290 1109 3350 dormitioni
1119 3309 1218 3352 omnes
1229 3297 1357 3423 Apostoli

772 3364 908 3421 dicuntur
927 3363 1101 3435 interfuisse,
1117 3370 1146 3422 et
1160 3365 1190 3422 in
1210 3373 1252 3424 vat
1268 3367 1290 3423 is
1307 3371 1356 3426 Jo-

772 3435 875 3507 sapliat
889 3433 982 3490 melio
992 3450 1056 3493 eam
1071 3435 1248 3510 sepelivisse.
1265 3439 1306 3496 lbi
1324 3457 1355 3498 e·

773 3509 832 3565 uim
849 3505 1030 3576 sepulchrum
1046 3507 1109 3580 ejus
1125 3509 1246 3566 multum
1264 3526 1357 3568 vene-

774 3577 865 3636 rabile
890 3577 1061 3646 ostenditur,
1088 3581 1164 3652 quod
1187 3579 1216 3636 iii
1235 3581 1358 3640 inanima

773 3651 934 3707 reverentia
945 3657 1031 3706 etiam
1046 3651 1121 3722 apud
1129 3653 1301 3711 Sarracenos
1311 3655 1360 3714 ha·

775 3723 879 3779 betur:
896 3721 956 3778 liaei
969 3727 1065 3778 antem
1081 3722 1171 3792 vallis,
1187 3723 1253 3782 licet
1264 3726 1359 3785 adhuc

774 3791 811 3848 sil
823 3792 904 3849 valde
915 3791 1065 3864 profunda,
1078 3794 1196 3852 multum
1210 3801 1306 3854 tamen
1317 3803 1361 3856 est

775 3863 902 3946 impleta.
933 3863 1119 3936 Sepulchrum
1137 3882 1214 3924 enim
1239 3868 1362 3943 Virginis

776 3941 919 4008 gloriosae,
940 3940 1008 3992 tuuc
1033 3945 1095 3994 erat
1119 3936 1148 3994 iu
1172 3937 1261 4011 ipsius
1281 3941 1362 4000 vallis

777 4007 939 4079 superlicie,
955 4023 1031 4064 nunc
1048 4017 1091 4066 est
1106 4009 1191 4084 louge
1205 4013 1258 4070 sub
1273 4017 1361 4083 terra,

777 4077 807 4135 in
823 4082 933 4136 tautum
948 4079 1024 4150 quod
1041 4079 1127 4138 etiam
1146 4082 1265 4140 ecclesia
1279 4086 1363 4156 eius-

778 4150 855 4221 dem,
872 4164 937 4208 cum
949 4149 986 4232 sit
998 4151 1078 4210 valde
1093 4153 1149 4210 alta
1174 4161 1203 4210 et
1216 4155 1364 4213 testitudi-

778 4227 856 4282 nate.
871 4237 936 4278 cum
952 4238 1014 4296 ipso
1032 4228 1182 4297 seputctiro
1202 4226 1314 4299 penitus
1328 4227 1366 4285 sit

778 4295 831 4352 sub
846 4297 934 4362 terra,
945 4301 974 4352 et
980 4293 1061 4354 vallis
1071 4295 1193 4368 desuper
1199 4303 1259 4355 tota
1266 4300 1363 4371 plana.

780 4367 812 4422 ln
826 4365 979 4440 superficie
1002 4373 1100 4426 tamen
1121 4367 1202 4426 vallis
1217 4374 1261 4426 est
1275 4369 1364 4429 aediti-
