2974 5040
189 453 235 506 tta

189 561 296 636 monus,
311 561 361 648 qui
383 564 492 621 tantm
509 558 637 644 babebat
651 557 779 618 devotio-

190 651 256 694 nem
275 634 304 692 in
323 633 494 703 rstovsrbo,
515 632 645 688 cilicet:
665 633 767 688 Mulier

190 708 337 778 esseillius
355 713 429 770 tuus,
444 703 521 788 quod
538 704 597 761 tere
611 717 664 786 per
676 702 776 775 viginti

190 793 282 836 annos
296 778 473 836 continuant
485 775 637 848 lacrymas,
652 791 680 831 m
696 779 776 831 tanta

188 849 375 918 abundantia,
389 849 465 922 quod
480 848 601 906 muttum
616 847 650 904 de
664 845 721 903 illis
736 847 776 928 bj-

188 921 283 979 bebst.
299 920 378 978 Unde
394 919 508 993 quando
523 918 677 992 incipiebat
693 933 776 984 coar-

187 999 248 1050 tare
263 997 353 1050 totam
368 991 532 1050 Passionem
549 990 673 1060 Domini,
690 997 719 1047 et
732 1003 775 1046 ve

186 1061 284 1120 niebat
301 1066 336 1122 ad
357 1065 450 1121 locum
467 1063 564 1133 istum,
583 1067 658 1120 totus
678 1062 708 1118 in
727 1061 776 1119 la·

185 1139 282 1192 ments
300 1139 329 1192 et
348 1135 488 1208 lacrymas
508 1134 729 1203 dissolvebatur,
747 1137 776 1190 et

184 1205 297 1263 dicebat
312 1205 395 1264 ttatri
422 1223 429 1264 :
454 1207 476 1264 0
501 1209 589 1264 Mater
608 1221 688 1276 mea,
710 1221 775 1262 ecee

186 1276 308 1360 qpaliter
322 1276 470 1406 pengetdin
487 1293 571 1405 fynus
587 1277 673 1334 Filius
691 1281 772 1360 tuusj

185 1349 774 1490 lttttltttt.tttfttttt‘dtt

186 1491 775 1565 Ecceltuertuadacrymosaetdolorosa;

187 1563 253 1623 ride
264 1567 407 1638 quomodo
419 1570 476 1623 stat
489 1564 673 1622 dilectissima
687 1565 778 1620 Mater

187 1639 238 1694 tua
252 1635 398 1695 derelicta.
409 1640 451 1694 Tu
465 1653 496 1693 er
517 1653 545 1704 ο,
557 1635 777 1716 carissimatre·

190 1713 311 1780 quanter
320 1713 359 1764 ita
367 1651 666 1780 engitaetffoqueread
674 1707 777 1790 lilium

188 1793 240 1850 pro
254 1779 343 1835 Matre
360 1785 389 1835 et
402 1780 437 1834 ad
453 1781 571 1835 Matrem
584 1793 636 1850 pro
652 1779 734 1847 Falto,
746 1783 777 1835 ut

187 1849 311 1922 gratiam
335 1849 466 1907 obtineas
491 1849 649 1934 utriusque.
669 1851 700 1906 tn
725 1852 778 1907 bac

187 1923 285 1978 sutem
299 1921 579 1980 recommendatione
590 1921 778 1994 intelligimus

188 2007 247 2054 non
270 1995 362 2052 solum
384 1996 537 2064 loannem,
551 1995 602 2051 sed
631 2001 660 2050 et
687 1999 777 2076 totam

188 2063 343 2125 Ecclesiam
363 2073 392 2124 et
407 2067 566 2140 quamlibet
586 2065 698 2124 udaian
719 2081 777 2122 am·

187 2151 264 2196 mam
283 2138 312 2197 in
327 2139 439 2198 loanne
456 2141 550 2198 Bastoe
570 2138 679 2211 Virgini
694 2153 778 2196 com-

187 2212 363 2281 mendatam,
377 2227 411 2268 se
426 2212 488 2284 ejus
503 2209 620 2269 servitio
635 2215 664 2268 et
677 2208 779 2268 obedi-

188 2281 275 2340 entias
296 2283 460 2352 subditam;
480 2281 629 2356 ipsamque
647 2289 779 2340 econtra

188 2357 241 2410 toti
253 2355 357 2426 populo
368 2353 529 2412 Christiano
545 2354 675 2425 usquein
690 2355 778 2410 tinem

190 2425 287 2482 mnudi
305 2441 357 2497 pro
383 2423 502 2481 consilio
525 2434 555 2480 et
579 2424 683 2482 auxilio
706 2425 779 2481 reli-

188 2499 263 2552 ctam
276 2518 282 2552 :
296 2501 326 2552 ut
339 2495 402 2566 ipsa
417 2509 470 2550 nos
483 2495 586 2552 habeut
596 2495 624 2552 in
640 2495 724 2565 illios,
736 2496 778 2552 di-

190 2563 304 2636 ligendo
317 2581 370 2621 nos
379 2572 407 2622 et
418 2567 524 2622 bonum
537 2571 665 2622 nostrum
699 2583 778 2624 cocu·

188 2635 280 2692 raudo
294 2635 400 2694 atlectu
411 2643 556 2705 materno;
571 2646 600 2693 et
612 2653 664 2694 nos
676 2583 780 2696 Kanen-

189 2721 252 2764 mus
275 2721 339 2764 eam
361 2707 389 2764 iu
407 2711 529 2764 matrem
552 2707 778 2779 dilectissimam,

188 2776 281 2852 ipsam
294 2793 407 2850 semper
420 2781 553 2848 amando,
567 2789 597 2837 et
610 2787 674 2854 post
689 2783 779 2838 ileum

189 2851 388 2924 superomnia
406 2851 587 2910 honorando.
605 2853 683 2910 Unde
698 2856 778 2922 liupo

187 2939 207 2980 u
224 2925 479 2982 Sancto-Victore:
499 2943 513 2977 u
528 2927 567 2982 lix
586 2925 641 2982 boo
659 2924 779 2982 articulo

186 2993 236 3052 ubi
254 2993 361 3053 dictum
385 3002 428 3053 est
444 3013 451 3052 ι
468 2999 537 3053 licea
551 3004 641 3053 muter
658 3003 717 3066 tua,
732 2997 777 3052 in·

187 3065 336 3138 telligitur,
346 3069 421 3139 quod
431 3067 517 3141 Virgo
526 3068 610 3126 beata
619 3083 676 3126 non
686 3067 779 3125 solnm

186 3137 291 3195 loanni
308 3137 338 3195 iu
354 3146 476 3197 matrem
499 3142 631 3211 traditur,
646 3140 704 3197 imo
724 3137 778 3196 toti

186 3209 321 3269 Ecclesia
333 3210 530 3286 universisque
540 3212 739 3287 peecatoribus
748 3211 777 3268 in

187 3289 308 3341 matrem
317 3283 564 3358 assignatur,eum
575 3286 695 3344 dicitur:
709 3285 779 3342 Eece

187 3361 276 3412 muter
288 3361 348 3413 tuo.
362 3357 383 3414 0
395 3362 528 3430 peccator
541 3361 702 3430 desperate,
711 3372 777 3414 ecce

188 3433 281 3484 mater
297 3429 361 3484 tuat
379 3429 401 3484 0
424 3431 543 3484 verbum
559 3430 653 3498 dulce,
671 3440 692 3485 s
707 3444 778 3485 ver-

188 3497 255 3554 bum
282 3497 459 3568 scriatiosnm,
479 3513 496 3554 o
520 3501 637 3556 verbum
661 3499 777 3572 gaudio·

188 3581 251 3624 sum
269 3583 275 3622 :
293 3569 364 3624 Ecce
379 3575 471 3626 mater
485 3573 547 3631 tuat
565 3571 629 3640 ipsa
643 3573 720 3626 enim
733 3575 778 3628 est

188 3637 279 3696 linter
301 3638 351 3696 Dei
372 3649 400 3696 et
420 3639 555 3710 bominis,
571 3647 664 3698 mater
685 3642 727 3699 rei
750 3649 779 3700 et

186 3709 309 3782 ludicis;
324 3727 382 3768 uon
397 3711 479 3770 decet
493 3717 524 3770 ut
541 3712 616 3771 inter
628 3713 705 3772 illios
720 3713 777 3772 dis·

187 3780 315 3840 cordiam
335 3799 397 3842 esse
417 3784 573 3858 permittat.
596 3787 625 3845 Si
648 3788 735 3857 enim,
760 3803 777 3844 n

188 3859 332 3926 peccator,
347 3856 435 3915 ttaria
453 3863 497 3916 est
515 3864 608 3918 mater
629 3863 686 3923 tua.
708 3873 776 3932 ergo

189 3930 219 3981 et
231 3925 313 3982 lesus
328 3932 370 3984 est
384 3931 472 3988 irater
486 3937 562 4002 tuus,
575 3935 604 3989 et
617 3931 702 3988 Pater
715 3931 741 4002 ej
747 3947 777 3986 us

187 3995 273 4052 Pater
283 4001 360 4068 tuus,
369 4015 439 4074 ergo
451 4007 480 4058 et
492 4019 521 4058 ro
543 4019 611 4060 num
624 4007 654 4060 ot
666 4001 777 4058 beredi-

187 4071 232 4124 tas
243 4071 305 4150 tua,
319 4085 387 4141 ergo
403 4072 496 4142 gratia
538 4077 618 4138 arlae,
633 4088 719 4144 quam
735 4071 776 4129 in-

186 4144 264 4196 venit
276 4140 352 4212 apud
368 4143 468 4210 Deum,
480 4149 524 4199 est
536 4147 687 4201 thesaurus
699 4149 774 4200 tuus.

186 4211 261 4284 Ergo
272 4209 430 4284 deigenam
441 4219 470 4270 et
482 4229 618 4272 tenerare
630 4221 777 4286 umquam

186 4287 357 4358 presentem
386 4286 438 4342 nbi
467 4286 584 4357 ubique,
604 4286 775 4358 etamplius

186 4353 245 4414 noli
261 4353 379 4424 morari,
399 4357 448 4423 sed
465 4357 502 4415 ab
521 4357 575 4414 buc
594 4357 665 4414 horu
679 4361 776 4441 accipe

188 4427 267 4486 illam
280 4431 309 4486 in
318 4427 515 4504 tuam,utipsa
527 4429 642 4488 undem
656 4427 776 4502 recipite

528 449 686 504 SECUNDA
712 447 832 504 uultis
859 449 964 504 silut
991 447 1064 504 lell

824 563 854 615 te
872 553 903 612 in
921 553 1044 628 gloriam
1068 569 1151 614 mam
1176 571 1185 615 s
1209 575 1227 610 s
1241 559 1307 616 boe
1328 560 1414 629 Hane.

825 627 1416 710 SicutergonecessarialuitnobisPassio

825 702 938 758 Domum
951 699 989 756 ad
1002 699 1183 767 adrandum,
1199 703 1240 760 its
1253 703 1416 760 neoessm

824 771 879 828 tuit
893 772 954 828 baee
969 772 1216 832 recommendatio
1230 774 1269 831 ad
1285 781 1417 832 unarum

823 841 960 900 auxilium
975 847 1004 900 et
1020 843 1182 902 consillum.

860 919 895 971 56
915 915 1060 987 Quouono,
1076 933 1109 972 rr
1130 933 1245 980 outuno
1260 919 1361 976 bisam
1373 935 1422 976 sos

823 985 962 1043 snruvarl
975 1015 1005 1029 -
1022 989 1054 1044 Et
1068 995 1226 1060 propterea
1239 1003 1349 1048 secure
1363 1007 1423 1048 eun

824 1057 946 1115 rendum
959 1061 1004 1115 est
1016 1058 1054 1116 ad
1073 1075 1148 1129 eam,
1163 1075 1220 1133 pro
1236 1077 1422 1136 quacumque

823 1127 997 1186 necessitate
1007 1135 1036 1188 et
1046 1129 1181 1190 utilitate.
1191 1133 1260 1206 lpse
1273 1137 1356 1191 enim
1369 1137 1424 1190 He

825 1207 866 1257 ter
878 1203 1074 1260 misericordie
1085 1202 1155 1260 uuili
1169 1208 1330 1262 consuevit
1344 1205 1424 1262 mise

824 1273 979 1330 rieurdiam
989 1274 1142 1348 denegare.
1151 1275 1423 1336 Undellemurdss:

826 1344 947 1402 «sileat
970 1344 1197 1404 misericordiam
1216 1353 1316 1414 tuam,
1343 1349 1425 1420 Virgo

824 1416 920 1486 beata,
934 1415 957 1473 si
973 1415 1037 1489 quis
1052 1419 1157 1490 estqui
1173 1419 1352 1478 invocatam
1366 1435 1426 1478 eam

824 1486 854 1544 in
869 1487 927 1544 suis
943 1487 1163 1547 necessitatibus
1179 1491 1361 1549 meminerit
1376 1495 1427 1549 de·

824 1559 924 1618 tuisse.
938 1579 952 1612 a
964 1561 1031 1617 llaec
1042 1560 1147 1634 quippo
1158 1561 1428 1620 misericordiane

824 1629 867 1688 bis
874 1631 987 1688 miseris
998 1639 1041 1688 est
1051 1633 1171 1690 multum
1182 1635 1371 1693 necessaris„
1380 1637 1428 1692 t‘n·

824 1702 861 1783 de
875 1703 916 1760 ait
929 1703 1005 1760 idem
1019 1705 1178 1762 Bernartius
1189 1723 1226 1761 :u
1242 1707 1309 1763 Nos
1326 1709 1428 1782 qnippe

824 1790 855 1830 1n
870 1777 974 1832 ceteris
986 1773 1138 1833 virtutibus
1152 1778 1388 1851 congaudemus
1400 1780 1429 1835 ti·

824 1844 865 1914 bi,
877 1847 928 1903 sed
940 1846 971 1902 in
982 1847 1180 1906 misericordia
1193 1855 1245 1906 tua
1258 1851 1370 1922 potius
1385 1867 1429 1908 ne

826 1915 951 1999 bisipsis.
968 1919 1129 1976 Laudamus
1143 1919 1366 1993 virginitatem,
1380 1924 1430 1980 bu·

825 1994 975 2046 mutuatam
989 1989 1143 2062 miramur,
1154 1993 1204 2049 scd
1217 1993 1430 2052 misericordia

826 2060 939 2117 miseris
953 2062 1029 2142 sapit
1041 2063 1163 2135 dulcius,
1178 2067 1254 2121 banc
1268 2065 1429 2138 amplecti·

825 2146 890 2188 mur
905 2148 1009 2205 carrus,
1026 2135 1212 2192 recordamur
1224 2136 1358 2208 saepius,
1373 2153 1430 2195 cre

826 2203 906 2260 brius
923 2209 1097 2264 invocamus.
1115 2209 1155 2264 Ne
1172 2207 1276 2264 timeas
1298 2213 1344 2265 ad
1368 2223 1429 2267 um

827 2275 974 2346 accedere,
1002 2281 1070 2350 qula
1092 2277 1168 2335 mitis
1195 2287 1223 2335 et
1253 2279 1362 2337 dulcis
1390 2288 1429 2338 est

826 2347 919 2403 valde.
935 2368 950 2398 o
966 2351 1001 2406 Et
1015 2355 1139 2406 uterum:
1156 2371 1170 2404 u
1185 2352 1317 2408 Revolve
1336 2360 1428 2410 totam

826 2417 931 2476 seriem
943 2421 1099 2494 Evangelii,
1107 2427 1136 2478 et
1146 2422 1170 2479 si
1185 2421 1255 2494 quid
1270 2437 1429 2496 asperum,

826 2492 849 2545 si
862 2492 930 2562 quid
941 2491 1045 2550 durum
1057 2493 1200 2550 inveneris
1212 2492 1242 2550 in
1257 2494 1360 2553 Beata
1373 2501 1430 2554 lla·

825 2563 1430 2697 {subdit{utstatittd‘lss

825 2705 941 2763 nardus.
965 2727 979 2760 o
999 2709 1057 2764 Nos
1079 2707 1167 2781 igitur
1190 2709 1383 2782 studeamus,
1401 2717 1430 2768 nt

825 2780 954 2849 exemplo
967 2781 1088 2838 loannis
1103 2781 1244 2854 t'irginem
1259 2782 1390 2841 matam
1402 2784 1429 2840 in

827 2857 948 2906 rnatrem
962 2851 1132 2924 babeamus,
1144 2869 1168 2910 sr
1179 2852 1272 2924 ipsam
1288 2857 1429 2912 volumus

825 2919 932 2977 habere
947 2925 1127 2996 adjutricem.
1140 2927 1209 2982 Cum
1223 2927 1303 2981 enim
1321 2927 1367 2984 sit
1383 2927 1429 2984 tri·

824 2991 889 3062 pler
906 3000 995 3052 status
1009 2999 1145 3068 bominis,
1156 2995 1287 3054 scilicet:
1304 2996 1340 3056 in
1358 3001 1427 3070 vita,

825 3065 860 3146 in
870 3081 963 3129 morte
977 3075 1007 3125 et
1023 3075 1085 3140 post
1099 3075 1231 3136 mortem,
1243 3067 1308 3140 ipsa
1324 3073 1358 3127 in
1376 3073 1428 3128 boc

825 3138 930 3209 triptici
952 3146 1028 3198 statu
1047 3143 1163 3214 adjuvat
1181 3139 1255 3196 titios
1276 3157 1364 3213 suos,
1381 3145 1426 3216 qui

825 3223 890 3336 {aar}
904 3212 1017 3268 babent
1027 3214 1055 3270 in
1072 3219 1210 3282 matrem,
1224 3211 1303 3271 uude
1323 3223 1426 3272 canus

847 3295 878 3336 ec
891 3297 972 3340 esra:

877 3405 984 3476 llario,
998 3405 1088 3464 Meter
1099 3411 1208 3482 pratia,

877 3482 969 3536 Mater
983 3481 1190 3552 misericordie,

880 3553 921 3607 Tu
935 3567 984 3608 uos
998 3551 1032 3606 ab
1041 3556 1117 3611 toste
1128 3559 1253 3628 protepe,

877 3623 913 3682 Et
929 3625 998 3680 bora
1012 3629 1107 3683 mortis
1122 3629 1242 3700 suscipe.

823 3735 947 3819 Adiuvat
969 3737 1086 3820 ergonin
1111 3736 1171 3796 rita
1193 3755 1200 3796 :
1221 3741 1274 3800 sed
1298 3742 1330 3801 in
1351 3741 1422 3811 sits,

825 3809 942 3880 quidem
961 3816 1026 3866 sunt
1043 3809 1123 3881 Justi,
1143 3817 1172 3868 et
1196 3809 1261 3870 istis
1283 3812 1422 3888 impetrat

824 3887 1056 3952 perseverantem
1066 3881 1201 3956 gratiam,
1211 3885 1277 3942 ideo
1288 3885 1401 3946 dicitur
1414 3903 1421 3940 :

878 4000 982 4066 Morio,
1001 4002 1092 4058 linter
1107 4001 1217 4070 pretia,

825 4105 931 4166 scilicet
957 4106 1050 4166 datrix
1075 4107 1340 4180 etconserrstri13
1369 4107 1421 4166 alii

825 4185 893 4237 sunt
909 4185 1120 4253 peccatores,et
1130 4178 1334 4254 istisimpetrat
1346 4195 1418 4263 pec·

824 4251 1420 4320 catornrnveniametDeimisericordram,

823 4322 889 4381 ideo
905 4323 1040 4381 subditur
1056 4339 1064 4380 τ
1484 4323 1485 4332 ’

876 4435 968 4490 Mater
982 4433 1190 4491 misericordia.
