3104 5034
418 411 605 468 conclusio
633 414 724 469 LIBRI
753 415 793 468 ΕΤ
821 415 976 467 stollam
1005 414 1097 467 Lib&

185 526 201 589 l
216 522 311 578 Nonou
324 521 424 576 Itouna
433 519 514 576 Jssus
525 535 593 576 oneo
605 536 739 578 cournm·

148 609 213 650 rua.
231 623 263 632 -
284 593 318 648 El
337 594 369 646 ut
388 589 479 658 magis
504 590 540 647 ad
560 593 620 648 baec
643 591 739 650 omnia

149 662 324 747 provoceris,
340 667 369 718 et
382 669 413 718 ut
426 661 473 718 hio
487 662 560 718 liber
579 665 607 719 in
622 666 738 722 nomine

148 735 238 808 ipsius
253 733 365 791 Domini
383 735 460 802 iesu,
477 733 527 804 qui
542 739 585 790 est
604 733 676 792 liber
697 735 737 792 si-

147 813 260 878 gnatus,
278 804 464 862 concludatur
478 810 507 862 et
519 805 657 878 signetur,
673 807 736 863 dili-

147 887 248 951 genter
265 876 380 934 attende
400 876 475 948 quod
495 878 529 933 de
545 879 600 934 boc
619 877 736 934 salutari

148 949 263 1007 nomine
271 949 509 1014 lesmllemardas
518 965 603 1021 super
612 949 666 1006 hoc
677 967 737 1006 ver·

150 1023 185 1078 bo
195 1019 302 1080 Cantici
313 1021 735 1090 :Oleameffasumuomentaam

149 1092 256 1160 scribit,
271 1091 389 1148 dicens:
405 1113 420 1142 α
430 1094 480 1148 Est
491 1092 588 1162 procul
601 1093 687 1148 dubio
698 1093 738 1148 in·

149 1169 193 1221 ter
209 1163 303 1221 oleum
321 1169 349 1220 et
363 1179 469 1220 nomen
484 1163 586 1234 Sponsi
604 1162 736 1220 similitu·

150 1235 197 1300 do,
212 1251 264 1292 neo
277 1236 368 1292 otiose
382 1233 503 1306 Spiritus
517 1236 635 1292 Sanctus
648 1237 733 1292 aller-

150 1312 246 1364 utrum
260 1305 444 1378 compararit.
455 1308 512 1376 Ego
526 1311 622 1364 autem
632 1306 694 1364 dico
708 1306 738 1363 in

149 1377 253 1451 triplici
276 1378 398 1450 quadam
419 1377 556 1449 qualitate
579 1377 644 1446 olei,
661 1378 737 1450 quod

149 1449 234 1518 lucet,
256 1448 356 1578 Eascit,
379 1450 489 1520 ungit:
515 1448 539 1506 si
561 1465 612 1506 ros
636 1449 738 1507 melius

148 1538 208 1579 non
218 1523 256 1579 ba
276 1519 341 1579 etis.
356 1522 442 1576 Fovet
454 1519 561 1592 ignem,
572 1521 663 1579 nutrit
678 1537 738 1578 car-

149 1608 228 1658 nem,
249 1591 319 1649 lenit
344 1591 483 1649 dolorem.
504 1593 562 1649 Lux
585 1599 639 1662 est,
657 1591 737 1650 cibus

151 1671 205 1735 est,
217 1664 360 1722 medicina
382 1667 435 1720 est.
449 1663 520 1722 Vide
535 1667 630 1720 antem
650 1681 735 1732 nunc,

151 1741 180 1794 et
192 1735 333 1806 desponsi
347 1737 414 1792 Jesu
427 1735 554 1794 nomine.
567 1736 654 1792 Lucet
667 1751 738 1808 prae-

151 1807 284 1876 dicatum,
301 1807 392 1878 pascit
405 1805 606 1879 recogitatum,
623 1808 736 1863 invoca·

151 1883 212 1936 tum
231 1877 300 1936 lenit
319 1884 347 1934 et
371 1877 471 1948 ungit;
493 1883 521 1936 et
538 1894 738 1950 percurramus

152 1951 272 2022 singula.
291 1949 371 2006 Unde
390 1947 507 2022 putatis,
525 1948 555 2005 in
578 1955 637 2006 toto
656 1951 736 2021 orbe,

153 2027 233 2078 tanta
247 2025 275 2077 et
291 2026 351 2078 tam
368 2019 463 2078 subita
479 2021 527 2078 lux
541 2020 620 2089 fidei,
636 2021 690 2077 nisi
703 2022 738 2078 de

172 2094 305 2150 raedicato
329 2091 445 2149 nomine
470 2093 558 2150 lesu?
582 2096 681 2149 Nonne
710 2093 737 2149 in

151 2110 236 2238 Bajas
249 2163 372 2220 nominis
386 2163 459 2233 luce,
476 2165 552 2220 Deus
569 2168 676 2222 uocauit
689 2181 738 2220 aas

152 2240 183 2293 in
198 2237 363 2292 admirabile
377 2237 467 2292 lumea
480 2251 570 2304 saum,
586 2235 690 2306 quilius
704 2235 738 2292 il-

152 2306 309 2376 luminatiS,
325 2311 353 2364 et
368 2307 396 2363 in
416 2305 522 2363 lumine
542 2309 596 2363 isto
617 2305 738 2364 videnti-

153 2379 207 2436 bus
221 2379 327 2448 lumen,
344 2378 421 2434 dicat
433 2379 536 2435 morito
552 2379 656 2435 Paulus
668 2395 675 2434 :
689 2381 740 2435 Fu·

151 2453 216 2507 istis
225 2451 377 2522 aliquando
388 2451 585 2520 tenebrarunt
592 2456 682 2506 autem
690 2452 740 2506 lua

152 2525 183 2578 ia
193 2525 328 2578 Domino?
338 2521 395 2578 Nee
405 2527 514 2578 tantum
524 2521 570 2578 lux
583 2525 626 2578 est
636 2538 739 2578 nomen

152 2595 232 2658 iesu,
249 2594 299 2650 sed
315 2597 358 2649 est
372 2597 401 2649 et
415 2593 503 2650 cibus.
522 2595 564 2649 An
581 2610 638 2650 non
655 2594 740 2650 toties

152 2663 334 2734 confortaris,
346 2663 457 2736 quoties
470 2663 546 2720 illius
562 2665 740 2722 recordaris?

151 2736 224 2805 Quid
240 2751 320 2808 aeque
336 2740 460 2793 mentem
473 2736 624 2807 cogitantis
638 2735 738 2808 impin·

152 2807 239 2880 goat?
252 2807 324 2876 Quid
336 2807 376 2864 ita
392 2807 528 2864 excitatos
544 2813 658 2880 reparat
673 2824 738 2864 sen-

153 2895 213 2949 sus,
226 2878 344 2937 virtutes
362 2881 489 2948 roborat,
503 2884 615 2951 vegetat
635 2893 738 2947 mores,

154 2956 183 3008 et
205 2954 283 3008 actus
308 2951 398 3008 bunos
422 2955 507 3022 atque
534 2951 680 3018 honestos,
696 2966 740 3006 ca·

154 3027 270 3106 stasque
284 3023 361 3080 loret
378 3021 566 3079 allectiones‘l
579 3021 682 3078 Aridus
697 3026 740 3078 est

155 3109 250 3152 omnis
263 3093 368 3150 animae
384 3094 474 3162 cibus,
490 3094 514 3149 si
532 3109 589 3148 non
603 3092 658 3149 istu
677 3093 740 3150 oleo

154 3165 330 3235 inlnnditur;
347 3165 487 3236 insipidus
500 3168 553 3232 est,
567 3163 592 3220 si
607 3180 663 3220 non
687 3165 740 3220 boc

153 3237 214 3294 sale
236 3237 377 3295 conditur.
399 3236 427 3294 Si
450 3235 569 3304 scribas,
583 3251 641 3292 non
666 3235 742 3308 sapit

154 3307 235 3378 mibi,
250 3307 306 3365 nisi
322 3309 418 3380 legero
432 3307 471 3366 ibi
483 3309 596 3376 Jesum;
612 3307 636 3363 si
649 3306 742 3378 dispu-

154 3386 198 3438 tes
210 3384 260 3438 aut
273 3379 414 3449 conteras,
428 3395 486 3436 non
501 3381 576 3451 sapit
590 3378 670 3450 mihi,
686 3377 741 3435 nisi

155 3450 286 3510 sonuerit
306 3450 346 3508 ibi
364 3453 456 3509 iesus.
469 3453 550 3508 iosus
567 3451 622 3507 mel
638 3449 667 3507 in
680 3465 741 3518 ore,

155 3525 185 3579 in
198 3539 267 3580 aure
279 3523 379 3592 melos,
394 3521 424 3578 in
443 3523 534 3578 corde'
548 3521 666 3594 J‘ubilus.
687 3521 742 3578 Sed

154 3599 200 3652 est
212 3599 242 3652 et
254 3593 407 3652 medicina.
424 3593 562 3650 Tristatur
576 3593 678 3665 aliquis
692 3609 742 3649 ve·

155 3665 266 3724 strum?
280 3665 382 3724 Veniat
403 3666 432 3720 in
455 3681 504 3721 cor
516 3667 609 3732 JcSUS,
626 3671 654 3720 et
675 3664 742 3721 inde

155 3737 240 3796 saliat
253 3738 282 3793 in
295 3753 327 3794 os
336 3755 344 3807 3
361 3743 390 3794 et
409 3751 473 3793 ecce
488 3735 526 3792 ad
541 3743 670 3792 exortum
684 3751 742 3792 uo-

154 3808 242 3868 minis
258 3809 357 3866 lumen
374 3807 503 3864 nubilum
521 3821 607 3864 omne
619 3805 741 3878 dillugit,

154 3879 230 3938 redit
252 3895 396 3938 serenum.
410 3877 527 3936 Labitur
550 3879 613 3950 quis
633 3876 664 3934 in
687 3876 741 3934 cri-

155 3967 232 4022 men,
247 3953 336 4009 currit
348 3951 465 4023 insuper
478 3951 514 4007 ad
525 3949 658 4022 laqueum
669 3965 743 4006 mor-

156 4023 195 4080 tis
208 4024 406 4105 desperando?
420 4025 521 4079 Nonne
534 4021 557 4078 si
569 4021 682 4077 invocet
695 4037 743 4077 no-

158 4111 224 4152 men
239 4100 315 4164 vitae,
330 4094 479 4151 confestim
493 4092 644 4164 respirabit
655 4093 691 4150 ad
704 4091 741 4147 vi·

159 4167 237 4223 tam?
250 4165 301 4223 Cui
313 4165 466 4236 aliquando
478 4165 631 4221 stetitanle
641 4164 741 4220 laciem

158 4236 291 4300 salutaris
304 4236 436 4306 nominis,
450 4236 564 4306 duritia,
580 4241 611 4293 ut
624 4236 740 4305 assolet,

158 4307 739 4380 cordis,ignaviaetorpor‚rancoranimae‚

157 4382 280 4454 languor
288 4379 517 4454 accidiae‘iCujus
528 4381 593 4440 lons
602 4380 676 4439 lorte
686 4381 739 4438 sic·

1342 409 1388 464 313

793 524 870 576 catus
884 519 1092 594 lacrymarum,
1112 518 1243 576 invocato
1262 517 1379 576 nomine

792 595 871 660 iesu,
882 607 938 648 uon
951 591 1085 649 continuo
1097 592 1190 662 erupit
1201 590 1318 648 uberior
1331 591 1382 646 llu-

792 663 887 734 iitque
899 663 1031 721 suavior?
1041 661 1091 719 Cui
1104 661 1133 718 in
1147 662 1280 734 periculis
1293 659 1382 734 palpi-

791 733 863 792 tanti
874 740 902 791 et
914 734 1066 806 trepidanti
1081 735 1252 804 invocatum,
1268 733 1380 790 virtutis

792 823 896 863 nomen
909 822 966 862 non
979 804 1075 862 statim
1090 806 1221 862 fiduciam
1238 804 1377 878 prestitit,

793 877 902 950 depulit
924 877 1054 934 metum?
1069 877 1129 946 Cui,
1150 893 1258 949 quaeso,
1278 875 1307 934 in
1332 877 1380 933 du-

791 949 845 1006 biis
860 951 991 1006 aestuanti
1006 956 1034 1006 et
1063 949 1220 1018 llucluanti,
1240 965 1298 1006 non
1313 948 1380 1004 sub·

790 1018 1380 1092 ito,adinvoeationemclarihujusnnmi·

792 1094 836 1148 nis
846 1091 960 1148 endcmt
972 1092 1132 1149 certitudo?
1143 1091 1193 1150 Cui
1206 1094 1235 1148 in
1252 1090 1379 1148 adversis

791 1163 943 1231 diffidenti,
970 1164 1147 1236 JamJamqne
1175 1162 1330 1232 deficienti,
1354 1161 1378 1218 si

791 1251 897 1291 numen
912 1235 1047 1305 adjutorii
1062 1235 1168 1306 sonuit,
1184 1235 1274 1292 deluit
1297 1232 1377 1290 lorti-

789 1306 880 1362 tudo‘l
900 1305 1040 1364 Nimirum
1060 1307 1153 1364 morbi
1175 1312 1204 1363 et
1225 1309 1378 1377 languores

790 1379 893 1435 animae
909 1377 954 1434 isti
972 1383 1052 1448 sunt;
1066 1379 1135 1436 illud
1159 1377 1312 1435 medicina.
1326 1379 1378 1434 De·

790 1449 875 1521 nique
899 1457 927 1506 et
952 1451 1075 1522 probare
1101 1449 1168 1506 licet
1183 1467 1190 1505 :
1204 1453 1305 1506 lavoro
1324 1463 1376 1516 me,

789 1520 893 1592 inquit,
909 1523 939 1576 io
951 1521 997 1576 die
1009 1522 1210 1589 tribulationis,
1229 1536 1323 1576 amam
1342 1525 1378 1588 te,

790 1597 816 1649 et
824 1593 1016 1664 honorificabis
1026 1608 1077 1648 me.
1088 1591 1163 1650 Nihil
1175 1591 1216 1648 ita
1225 1590 1378 1648 iracundiae

790 1663 928 1791 impetum
943 1663 1066 1733 cohibet,
1080 1662 1222 1734 superbiae
1234 1667 1378 1720 tumorem

789 1751 819 1792 se
841 1740 880 1800 at,
895 1739 978 1792 sanat
988 1733 1086 1792 livoris
1104 1735 1217 1804 vulnus,
1231 1732 1380 1806 restringit

790 1805 911 1864 luxuriae
938 1809 1055 1876 lluxum,
1074 1806 1226 1878 exstinguit
1253 1805 1380 1863 libidinis

791 1880 948 1948 flammam,
957 1878 1034 1935 sitim
1046 1884 1187 1951 temperat
1200 1877 1380 1946 avaritiae,ae

791 1953 878 2006 totius
892 1950 1031 2006 indecoris
1046 1951 1125 2022 lugat
1143 1950 1328 2024 pruriginem.
1339 1947 1381 2006 Si·

791 2021 1381 2094 quidem,cumnominoiesum,bominem

793 2092 863 2150 mihi
878 2109 1006 2165 propono
1019 2093 1117 2151 mitem
1129 2100 1157 2150 et
1170 2092 1308 2150 humilem
1320 2107 1380 2148 cor·

792 2165 838 2233 de,
851 2163 1016 2234 benignum,
1025 2163 1381 2235 sobrium,castum,mise-

791 2235 944 2302 ricordem,
958 2241 985 2292 et
998 2236 1075 2292 omni
1092 2237 1217 2310 denique
1232 2239 1381 2294 honestate

792 2323 825 2364 ac
840 2307 991 2364 sanctitate
1011 2311 1193 2380 conspicuum
1202 2325 1210 2378 ;
1226 2307 1380 2365 eumdem-

793 2395 848 2451 que
859 2378 953 2451 ipsum
973 2381 1063 2436 Deum
1080 2381 1316 2452 omnipotentem,
1331 2379 1380 2450 qui

791 2467 842 2507 sno
853 2467 898 2507 me
912 2453 1039 2523 exemplo
1054 2457 1146 2520 sonet,
1160 2457 1188 2509 et
1200 2453 1317 2509 roboret
1329 2449 1379 2506 ad-

790 2523 977 2595 jutorio.Haec
987 2523 1084 2580 omnia
1094 2525 1163 2580 mibi
1173 2523 1255 2580 simul
1266 2525 1379 2592 sonant,

793 2610 857 2651 cum
877 2593 1038 2652 insonuerit
1060 2598 1151 2653 iesus.
1173 2597 1258 2654 Sumo
1282 2593 1381 2665 itaque

793 2664 977 2734 mihimetipsi
991 2669 1121 2740 exempla
1135 2667 1171 2724 de
1184 2665 1310 2732 homine,
1325 2681 1380 2722 su-

793 2735 1381 2810 moetauriliumaPotente;illatamquam
1403 2790 1405 2805 ,

792 2808 997 2880 pigmentarias
1019 2809 1137 2880 species,
1156 2811 1210 2866 boc
1235 2814 1381 2880 tamquam

792 2879 868 2936 unde
889 2895 989 2936 acuam
1005 2895 1054 2936 eas
1070 2897 1078 2936 ι
1094 2887 1123 2936 et
1136 2880 1209 2937 lacio
1226 2878 1380 2936 conlectio-

793 2966 870 3020 nem,
887 2949 931 3006 cui
949 2950 1071 3007 similem
1094 2951 1271 3008 medicorum
1296 2965 1380 3007 nemo

793 3021 886 3078 lacere
914 3021 1012 3093 possit.
1034 3024 1093 3079 lloe
1117 3022 1168 3080 tibi
1194 3023 1381 3080 electuarium

793 3093 925 3160 babes,o
945 3093 1041 3150 anima
1060 3109 1134 3162 mea,
1153 3093 1331 3152 reconditum
1350 3093 1381 3149 in

793 3165 908 3221 vasculo
923 3165 1055 3222 vocabuli
1075 3165 1170 3236 hujus,
1187 3167 1263 3238 quod
1279 3165 1383 3223 estle-

772 3289 774 3294 .
794 3252 854 3306 sua,
870 3235 1048 3294 salutilerum
1062 3243 1149 3308 certe,
1164 3237 1296 3310 quodque
1311 3235 1381 3292 nulli

795 3323 931 3380 umquam
946 3307 1016 3380 pesti
1036 3312 1094 3366 tuae
1109 3307 1272 3366 inveniatur
1286 3308 1381 3365 inelli-

794 3395 854 3436 cax.
872 3381 989 3450 Semper
1003 3377 1056 3436 tibi
1079 3379 1111 3437 in
1127 3380 1191 3438 sinu
1206 3382 1253 3446 sit,
1270 3396 1383 3452 semper

794 3450 825 3506 in
840 3465 939 3519 manu,
953 3467 1008 3524 quo
1025 3451 1067 3508 tui
1082 3468 1182 3509 omnes
1196 3451 1227 3508 in
1245 3453 1340 3509 lesum
1353 3455 1383 3508 et

795 3538 897 3579 sensus
916 3521 1089 3594 dirigantur,
1106 3528 1133 3581 el
1146 3529 1236 3580 actus.
1253 3522 1382 3594 Denique

795 3599 824 3651 et
833 3593 965 3650 innitaris
979 3610 1065 3666 super
1078 3609 1122 3652 eo.
1132 3599 1205 3652 Pone
1215 3608 1268 3665 me,
1279 3594 1383 3665 inquit,

795 3669 826 3722 at
843 3667 1018 3735 signaculum
1036 3682 1119 3737 super
1133 3684 1178 3724 cor
1192 3671 1280 3729 taam.
1294 3674 1325 3723 ut
1343 3668 1382 3722 si-

794 3739 944 3806 gnaculum
962 3753 1044 3808 saper
1064 3739 1206 3794 brachium
1223 3741 1309 3794 taum.
1327 3738 1381 3795 Sed

795 3809 850 3864 boc
864 3809 945 3864 alias.
961 3809 1042 3864 Nunc
1061 3823 1129 3866 vero
1148 3809 1237 3866 babes
1256 3809 1330 3866 unde
1355 3814 1384 3866 et

796 3878 913 3936 brachio
929 3878 1068 3935 medearis
1081 3885 1109 3937 et
1122 3881 1211 3937 cordi.
1229 3883 1331 3945 Habes,
1341 3880 1382 3937 in·

796 3965 894 4022 quam,
916 3949 946 4006 in
971 3949 1088 4008 nomine
1111 3955 1179 4010 iesu
1202 3953 1281 4011 unde
1303 3957 1383 4010 aelus

795 4027 860 4078 tuos
885 4021 929 4078 vel
948 4036 1051 4094 pravos
1071 4024 1209 4107 corrigas,
1221 4025 1266 4082 vel
1289 4023 1383 4081 minus

795 4094 935 4166 perlectos
959 4093 1132 4167 adimpleas;
1152 4101 1288 4169 itemque,
1306 4095 1384 4153 uado

796 4169 860 4221 tuos
876 4181 976 4222 sensus
989 4171 1038 4223 aut
1047 4183 1144 4224 serves
1153 4185 1188 4224 ne
1201 4183 1369 4239 corrumpar·

796 4241 854 4304 tur,
868 4241 917 4292 ant
931 4236 955 4292 si
972 4245 1205 4310 corrumpuntur,
1222 4253 1316 4295 sanes.
1331 4259 1344 4287 u

832 4311 1003 4366 iliensium
1031 4327 1183 4367 narratum
1214 4327 1312 4367 onorio
1347 4327 1382 4365 lu

796 4381 943 4439 Cameren.
959 4413 992 4423 -
1007 4382 1047 4440 De
1062 4383 1117 4440 hoc
1129 4387 1157 4440 el
1171 4379 1228 4440 iam
1246 4380 1323 4439 dulei
1334 4397 1383 4439 no·
