2974 5040
209 386 252 437 tdt
537 374 695 428 stantun
723 373 840 430 nattis
869 377 973 430 CAPUT
1003 379 1100 432 bittit

207 483 378 546 latronibus.
400 481 470 540 Vide
495 479 656 548 caritatem,
676 477 744 552 quia
758 477 801 535 iu·

208 561 305 626 dulcet
325 551 570 626 crucifigentibus.
589 551 661 608 Vide
679 560 708 608 et
730 567 798 621 pau-

208 635 377 760 pertatem:
407 641 515 699 pauper
536 622 612 682 euim
634 622 688 680 init
716 628 745 679 et
770 624 798 678 in

219 702 365 762 aboribus.
382 701 583 772 Paupertatem
602 699 681 752 tuam
697 701 798 750 osten-

208 772 340 838 ditmibi,
358 787 466 843 pauper
479 771 557 835 lesu,
575 775 667 824 mater
681 771 741 836 tua,
758 766 798 848 ia·

209 845 288 904 milia
312 852 372 912 tna,
399 843 501 900 domus
523 847 589 910 tua;
619 839 732 906 domus,
757 855 797 895 tn·

210 932 305 990 quam,
326 913 469 988 praesepii,
496 911 644 980 coenaculi,
663 909 794 983 patibuli,

209 994 238 1046 et
252 986 365 1055 tumuli,
386 1001 438 1043 nec
454 1001 510 1042 non
526 982 689 1055 equitatura
708 981 796 1040 asinae

209 1065 238 1118 et
253 1056 332 1132 pulli.
357 1056 408 1116 Ubi
424 1061 490 1116 sunt
516 1053 639 1128 insignia
653 1059 711 1118 tua,
739 1055 796 1110 lien

207 1147 318 1202 regum,
334 1129 466 1202 princeps
487 1125 658 1200 pastorum?
675 1124 728 1183 Ubi
752 1131 797 1183 est

207 1203 368 1276 equitatura
387 1207 446 1270 toa,
461 1205 549 1256 vestas
568 1213 722 1271 purpurea,
738 1212 795 1270 pa-

207 1275 319 1342 latium,
331 1278 485 1346 sceptrum,
497 1269 610 1339 solium,
620 1274 649 1326 et
663 1269 796 1326 diadema

208 1345 310 1418 regni?
325 1343 378 1403 Ubi
397 1349 464 1402 sunt
480 1347 649 1400 ornamenta
663 1347 722 1406 tua,
739 1342 796 1398 Sa-

208 1418 308 1474 cerdos
323 1417 353 1474 in
367 1421 507 1474 aeternnm
529 1419 557 1472 et
572 1412 701 1470 Pontifex
717 1413 794 1470 iutu-

207 1505 306 1548 rorum
322 1487 486 1546 bonorum?
501 1485 552 1544 Ubi
577 1489 644 1542 sunt
657 1484 794 1558 pretiosa,

208 1565 332 1620 annulus
347 1566 374 1617 et
386 1576 511 1632 gemma,
525 1557 643 1616 baculus
657 1564 686 1638 et
705 1571 795 1640 cappa

210 1633 313 1702 serica,
332 1631 505 1690 chirothecae
524 1635 552 1685 et
572 1628 728 1686 sandalia?
742 1629 795 1686 ttbr

209 1711 274 1763 suut
294 1721 373 1762 arma
396 1701 508 1767 bellica,
527 1700 606 1756 lortis
625 1709 744 1766 armate,
767 1706 796 1756 et

206 1775 289 1834 miles
304 1773 397 1831 novel
411 1775 471 1829 lion
487 1771 576 1828 deluit
592 1771 643 1827 tibi
658 1769 687 1826 in
702 1771 795 1842 gloria

206 1847 300 1916 alapa,
321 1842 407 1902 restis
423 1844 500 1912 alba,
515 1847 543 1898 et
562 1857 716 1914 purpurea.
732 1844 793 1900 Non

207 1919 297 1976 deluit
311 1931 406 1990 pugna
421 1933 428 1972 ι
445 1917 584 1986 superasti
610 1916 748 1970 iatronem
765 1919 793 1972 et

203 1995 338 2058 mortem,
369 1985 498 2062 spoliasti
523 1984 667 2042 internum
695 1986 793 2043 omnia

205 2061 387 2135 spoliantem,
402 2059 431 2117 iu
452 2059 538 2117 lunda
558 2057 745 2124 vinculorum,
762 2057 792 2115 in

204 2134 345 2208 lapidibus
367 2135 492 2206 quinque
508 2129 668 2198 vulnerum,
690 2128 718 2185 in
740 2130 790 2186 ba-

204 2209 267 2265 culo
283 2205 384 2264 crocis.
398 2204 448 2262 Ubi
462 2208 528 2261 aunt
540 2203 651 2260 codices
663 2202 715 2262 tui.
732 2203 789 2258 bla-

200 2283 288 2352 gister
312 2277 442 2348 optime?
473 2275 556 2333 iiber
582 2279 657 2343 tuus,
688 2289 791 2345 seirpus

204 2359 294 2418 tuum,
321 2347 442 2419 scriptus
467 2346 545 2402 intus
567 2352 595 2402 et
617 2344 697 2415 ioris,
723 2344 790 2401 scri-

205 2429 269 2494 ptus
294 2419 384 2490 spinis
413 2424 441 2474 et
473 2416 585 2486 clavis,
615 2415 790 2473 illuminatus

206 2493 282 2549 unda
305 2487 464 2562 sanguinis,
482 2489 585 2558 ligatus
608 2486 740 2556 vinculis,
755 2488 791 2544 si·

203 2571 306 2634 gnatos
323 2559 419 2616 clavis.
436 2558 558 2616 Atteude
572 2563 601 2614 et
614 2559 698 2628 hujus
714 2575 789 2616 mor·

204 2635 241 2692 tis
261 2631 489 2695 diuturnitatem,
514 2634 542 2684 et
574 2629 789 2700 praepositiones

203 2703 389 2764 acerbitatum
408 2745 416 2770 ,
437 2706 465 2757 et
494 2715 566 2770 pone
593 2715 679 2781 super
706 2709 790 2774 caput

204 2783 294 2842 tuum,
310 2773 384 2830 sient
398 2772 592 2846 signaculum
610 2779 687 2828 inter
700 2775 790 2832 ubera

203 2854 261 2916 tua,
273 2847 347 2905 sicut
361 2845 536 2914 fasciculum,
545 2843 618 2902 sicut
630 2843 788 2904 antidotum

202 2925 302 2980 contra
317 2935 430 2977 omnem
447 2918 587 2975 morbum.
603 2917 729 2975 Ascende
742 2937 787 2976 su-

202 3010 254 3066 per
277 2994 400 3063 palmam
421 2989 524 3060 crucis,
546 3006 595 3060 per
613 2990 787 3060 compassio·

203 3080 280 3132 nem,
295 3062 520 3130 meditationem,
540 3060 740 3131 imitationem,
757 3067 789 3119 ut

201 3133 786 3209 apprehendasdulcissimoslructuseJ'ns.

203 3211 281 3268 Vade
294 3223 372 3280 crgo,
387 3223 404 3264 o
419 3205 514 3264 anima
529 3222 601 3274 mea,
615 3205 651 3262 ad
664 3209 788 3262 montem

202 3283 326 3358 myrrhae
338 3285 366 3336 et
376 3277 709 3337 consideraaltitudinem
725 3292 789 3347 irau-

202 3354 331 3429 pcrtatis,
346 3351 530 3410 latitudinem
545 3349 679 3410 caritatis,
696 3347 789 3420 longi-

204 3427 331 3484 tudinem
345 3419 519 3484 acerbitatis,
531 3419 749 3476 amaritudinem
762 3425 791 3476 et

204 3497 334 3554 dotorem
354 3492 465 3560 mortis,
479 3497 508 3548 et
529 3491 601 3547 aller
621 3507 730 3548 ramum
744 3491 788 3548 ri·

204 3567 294 3624 reniis
307 3563 390 3622 olivae
405 3564 441 3619 ad
461 3577 556 3618 arcam
571 3569 627 3619 tuae
640 3563 789 3620 conscien-

205 3637 263 3696 tiae.
277 3635 379 3707 Accipe
394 3633 492 3704 ctiam,
509 3634 640 3691 columba
649 3650 714 3692 mea
727 3651 790 3707 gra·

204 3725 272 3767 uum
288 3707 433 3776 frumenti,
448 3706 618 3762 seminatum
645 3707 674 3762 iu
697 3709 790 3764 lucar-

205 3779 331 3862 natione,
350 3783 377 3864 in
398 3787 475 3862 terra
496 3776 621 3861 Virginis
646 3777 789 3850 gloriose,

205 3867 354 3924 praecisum
368 3869 396 3907 in
407 3865 788 3918 circumcisione,excussnm

203 3929 232 3978 et
247 3923 419 3993 flagellatum
436 3925 463 3978 in
477 3924 621 3992 Passioue,
636 3921 789 3980 carrdidum

205 3993 234 4050 in
262 4001 367 4060 mente,
387 3995 574 4050 rubicundum
595 3993 626 4050 in
658 4009 787 4065 corpore,

205 4063 325 4122 divisum
349 4064 377 4121 in
398 4065 498 4133 latere,
524 4063 744 4136 multiplicatum
760 4067 787 4122 in

205 4135 795 4207 mortareeonduuruinnorreotnAseem

203 4209 295 4268 sione.
322 4209 380 4266 ileo
406 4205 443 4264 sit
462 4211 540 4262 tuum
564 4208 702 4276 edulium,
729 4208 788 4280 pol·

203 4285 341 4351 mantum,
357 4285 386 4336 et
401 4276 545 4336 viaticum.
557 4277 586 4336 Si
600 4286 697 4335 autem
712 4278 790 4336 lasti-

201 4355 243 4415 dit
256 4351 406 4430 appetitus,
423 4351 446 4408 si
467 4348 589 4408 lacescat
603 4348 723 4408 interior
736 4367 788 4423 gu·

855 485 926 549 stus,
940 479 1059 540 'adhibe
1085 497 1198 553 agnum
1226 479 1443 544 immaculatum.

854 552 979 678 adiunge
999 559 1030 610 et
1047 553 1155 617 piscem
1171 561 1308 612 sasaim
1328 555 1359 613 in
1377 559 1444 614 nati

853 640 887 680 cu
900 625 1028 682 acrucis.
1043 626 1166 694 lievera,
1177 627 1256 682 bone
1270 629 1354 694 lesu,
1369 645 1445 702 agnas

853 711 894 763 es,
910 700 938 752 et
952 701 1069 769 propter
1086 697 1268 755 medicinam
1298 707 1392 768 tuam,
1405 718 1445 774 pa·

852 766 995 836 tieotiam,
1011 775 1041 825 et
1058 772 1257 826 innocentiam
1275 776 1370 840 atque
1384 774 1447 829 aad·

852 839 922 896 tiam
938 857 945 896 :
963 839 1096 912 agnoscis
1111 840 1220 913 quippe
1237 843 1370 900 Matrem
1385 851 1447 901 tuan

852 909 881 968 in
896 911 1035 994 patibulo,
1054 911 1202 983 Virginem
1220 913 1353 987 virgini,
1372 917 1449 974 Eran-

871 983 983 1040 elrstam
1016 985 1092 1041 Evan
1113 983 1205 1041 elistae
1253 989 1449 1045 commendas.

851 999 880 1112 {i
906 1061 1001 1138 autem
1029 1000 1150 1134 ampirus
1175 1055 1339 1138 desideret
1366 1067 1450 1132 gnte

853 1131 933 1196 tuns;
949 1143 973 1184 si
999 1143 1055 1184 nnn
1075 1132 1197 1198 quiesctt
1224 1129 1397 1201 appetitus,
1416 1134 1451 1189 iat

850 1198 1025 1271 pulmentum
1038 1199 1074 1255 de
1089 1197 1165 1270 pisce
1179 1207 1298 1270 assato,
1318 1208 1351 1258 ut
1364 1220 1449 1260 eome-

851 1271 913 1327 das.
923 1269 1012 1327 Piscis
1022 1269 1277 1328 assatnstristus
1290 1283 1449 1342 pasensest.

851 1344 974 1400 nutritus
990 1341 1018 1398 in
1033 1341 1115 1414 aquis
1128 1341 1355 1415 tribulationis,
1372 1363 1451 1419 aper-

850 1420 894 1471 tus
909 1413 939 1470 in
959 1414 1058 1478 latere,
1076 1420 1287 1486 exsquamatus
1306 1416 1342 1474 in
1359 1435 1449 1483 exspo-

850 1485 976 1554 liatione,
997 1485 1108 1543 sallitus
1123 1485 1151 1542 in
1175 1491 1346 1558 sputorum
1368 1491 1451 1547 multi

870 1557 1013 1625 licatione,
1043 1563 1156 1614 assatus
1174 1556 1203 1614 in
1226 1574 1337 1617 cruce.
1371 1564 1449 1635 liujus

849 1573 915 1686 ielis
931 1628 1014 1700 piscis
1027 1627 1135 1702 inunge
1150 1629 1251 1686 oeulos
1266 1635 1356 1702 tuos,
1377 1641 1407 1690 ut
1421 1637 1450 1690 ri-

849 1700 929 1768 deas,
945 1700 969 1758 si
984 1711 1027 1758 est
1039 1700 1121 1758 dolor
1135 1699 1207 1758 sicut
1221 1701 1317 1759 dolor
1333 1705 1412 1776 ejus.

884 1778 899 1830 5
915 1774 987 1830 Lens
1001 1789 1034 1828 an
1049 1789 1186 1830 enacoma
1202 1790 1316 1844 caucis,
1335 1794 1402 1840 oca
1412 1795 1449 1833 se-

848 1863 890 1901 ma
905 1862 1115 1902 ouursoaunars
1125 1863 1199 1902 anua
1213 1863 1409 1906 snesannrnr.
1423 1879 1449 1892 -

850 1917 877 1975 Si
893 1917 1040 1988 contingat
1054 1919 1222 1990 plerumque
1237 1923 1325 1975 stare
1340 1920 1373 1976 in
1385 1925 1447 1985 acie,

848 1987 943 2062 accipe
956 1993 1064 2046 scutum
1075 1988 1195 2058 militie,
1204 1989 1353 2048 vexillum
1368 1993 1449 2049 ricto

848 2060 909 2130 riae,
920 2077 1017 2118 arcum
1028 2059 1138 2133 gloriae.
1154 2061 1274 2118 Scutnm
1288 2062 1368 2132 hoc,
1379 2065 1447 2136 quod

848 2133 929 2190 miles
951 2137 1052 2189 contra
1075 2133 1171 2189 hostes
1192 2133 1280 2190 debet
1297 2135 1447 2208 accipere.

847 2205 1101 2277 proptertiguram,
1112 2203 1265 2276 picturam,
1279 2207 1444 2264 efficaciam

846 2281 875 2332 et
892 2278 1051 2344 materiam,
1067 2291 1134 2334 erun
1154 2275 1269 2333 Domini
1288 2281 1386 2336 arbor
1401 2297 1445 2336 sa-

846 2347 959 2404 lutilera
987 2353 1039 2404 est.
1060 2347 1147 2419 liujus
1167 2347 1239 2404 senti
1268 2365 1398 2414 cornua.
1421 2353 1444 2407 in

846 2419 975 2475 manibus
992 2418 1130 2476 crucifixi.
1144 2419 1210 2476 Tria
1221 2418 1303 2477 enim
1333 2437 1444 2480 cornua

845 2499 893 2548 tua
908 2493 963 2546 tria
976 2495 1146 2563 exsuperant
1160 2491 1259 2560 praelia
1275 2509 1282 2547 :
1296 2509 1390 2550 cornu
1403 2501 1440 2552 et·

845 2561 921 2618 enim
935 2562 1121 2635 paupertatis,
1136 2568 1288 2634 exsuperat
1304 2565 1438 2622 avaritie

846 2634 991 2705 praelinm;
1008 2650 1097 2691 cornu
1111 2634 1291 2698 humilitatis,
1307 2651 1438 2710 pugnam

845 2705 1000 2778 superbiae3
1031 2707 1081 2763 sed
1110 2721 1200 2763 cornu
1226 2707 1437 2767 adversitatis.

845 2776 989 2834 lasciviam
1016 2778 1178 2850 voluptatis.
1211 2778 1291 2835 istud
1320 2787 1435 2837 scutum

844 2848 1080 2906 luitrubricatnm
1094 2855 1121 2906 et
1136 2849 1310 2921 picturatum
1321 2853 1435 2926 sangui

845 2937 879 2977 ne
897 2921 955 2977 veri
970 2920 1058 2992 Agni;
1078 2919 1153 2978 istud
1168 2928 1280 2979 scutum
1298 2923 1355 2979 init
1372 2939 1434 2996 per-

844 2994 966 3050 foratum
988 2993 1097 3060 lancea,
1116 2993 1212 3060 clavis,
1238 2999 1267 3049 et
1288 2993 1384 3067 spina.
1406 2995 1433 3052 Si

843 3072 937 3121 autern
956 3065 1083 3122 nondum
1105 3065 1179 3122 bene
1195 3065 1271 3122 sales
1287 3066 1432 3135 resistere,

843 3137 908 3192 vide
922 3153 1032 3205 arcum,
1050 3143 1079 3193 et
1101 3135 1220 3194 benedic
1245 3137 1294 3208 qui
1311 3137 1381 3195 lecit
1402 3137 1431 3194 it-

844 3208 912 3264 lum.
933 3209 988 3266 lste
1014 3223 1096 3265 arcus
1121 3210 1207 3264 habet
1237 3209 1378 3267 chordam
1401 3227 1431 3265 en

845 3295 976 3350 corpore,
994 3281 1146 3348 lignamen
1162 3296 1254 3336 cruce.
1272 3283 1329 3339 lste
1349 3297 1429 3339 arcus

844 3351 985 3423 percussit
999 3352 1151 3420 latronem,
1167 3357 1308 3420 mortem;
1325 3359 1357 3409 et
1373 3353 1430 3409 rui·

844 3423 1429 3496 neravitirostern,serpentemantiquum.

845 3493 1430 3570 Sed,neinermisetimparatnsappareaa

844 3567 987 3638 precedat
997 3567 1128 3624 vexillum
1140 3567 1236 3639 Regis,
1248 3579 1431 3638 crux;osten

845 3638 931 3694 datur
943 3639 1058 3710 sanguis
1073 3638 1176 3696 Christi
1190 3637 1339 3706 militibus,
1357 3647 1390 3696 ut
1404 3637 1430 3694 in

845 3709 975 3838 Eraelium
1000 3715 1149 3780 acuantur,
1170 3715 1198 3767 ct
1217 3727 1274 3766 non
1291 3711 1431 3769 lormida-

866 3780 922 3837 itur
935 3781 1016 3838 fortis
1037 3787 1173 3838 armatus.
1193 3782 1221 3840 Si
1236 3781 1367 3855 insurgat
1383 3785 1430 3838 lla-

846 3863 891 3908 tus
905 3852 1049 3922 clationis,
1063 3865 1113 3910 aot
1125 3859 1225 3911 ventus
1238 3853 1430 3912 tribulationis

845 3933 873 3981 et
890 3925 1068 3997 naufragium
1084 3925 1291 3998 suggestionis;
1308 3925 1429 3983 ascende

847 3997 1431 4066 innavicnlamsauctaecrucis,bonisom·

846 4067 931 4126 nibus
947 4071 1092 4134 refertam,
1109 4071 1136 4126 in
1151 4073 1250 4127 dextro
1265 4071 1353 4127 latere
1371 4085 1432 4141 per

845 4140 977 4202 foratam.
990 4141 1026 4197 ab
1042 4141 1172 4198 hostibus
1186 4140 1328 4198 violenter
1340 4143 1431 4196 detra·

845 4217 929 4284 ctam,
945 4217 1045 4269 catena
1061 4213 1238 4270 vinculorum
1255 4213 1383 4286 ligatam.
1403 4215 1430 4268 ln

844 4283 898 4341 hae
928 4283 1055 4342 invenies
1086 4284 1188 4343 Filium
1214 4284 1429 4342 dormientem.

845 4356 937 4413 rantis
955 4354 1155 4429 imperantem,
1176 4359 1205 4415 et
1221 4357 1342 4415 omnino
1356 4371 1429 4412 nan-
