<?xml version="1.0" encoding="UTF-8"?>
<!DOCTYPE html PUBLIC "-//W3C//DTD XHTML 1.0 Transitional//EN"
    "http://www.w3.org/TR/xhtml1/DTD/xhtml1-transitional.dtd">
<html xmlns="http://www.w3.org/1999/xhtml" xml:lang="en" lang="en">
 <head>
  <title>
</title>
<meta http-equiv="Content-Type" content="text/html;charset=utf-8" />
  <meta name='ocr-system' content='tesseract 3.04.00' />
  <meta name='ocr-capabilities' content='ocr_page ocr_carea ocr_par ocr_line ocrx_word'/>
</head>
<body>
  <div class='ocr_page' id='page_1' title='image "./vitajesuchristi03ludogoog/vitajesuchristi03ludogoog_0329.png"; bbox 0 0 3104 5034; ppageno 0'>
   <div class='ocr_carea' id='block_1_1' title="bbox 225 423 982 506">
    <p class='ocr_par' dir='ltr' id='par_1_1' title="bbox 225 423 982 506">
     <span class='ocr_line' id='line_1_1' title="bbox 225 423 982 506; baseline -0.008 0"><span class='ocrx_word' id='word_1_1' title='bbox 225 451 271 506; x_wconf 83' lang='lat' dir='ltr'><strong>sis</strong></span> <span class='ocrx_word' id='word_1_2' title='bbox 622 423 625 430; x_wconf 81' lang='grc'><strong>’</strong></span> <span class='ocrx_word' id='word_1_3' title='bbox 705 447 810 502; x_wconf 79' lang='lat' dir='ltr'><strong>riori</strong></span> <span class='ocrx_word' id='word_1_4' title='bbox 837 444 982 503; x_wconf 80' lang='lat' dir='ltr'><strong>carison</strong></span> 
     </span>
    </p>
   </div>
   <div class='ocr_carea' id='block_1_2' title="bbox 194 549 1453 2152">
    <p class='ocr_par' dir='ltr' id='par_1_2' title="bbox 194 549 1453 2152">
     <span class='ocr_line' id='line_1_2' title="bbox 270 549 1373 630; baseline -0.006 -15"><span class='ocrx_word' id='word_1_5' title='bbox 270 560 364 630; x_wconf 80' lang='lat' dir='ltr'><strong>rogat,</strong></span> <span class='ocrx_word' id='word_1_6' title='bbox 387 559 415 614; x_wconf 91' lang='lat' dir='ltr'><strong>et</strong></span> <span class='ocrx_word' id='word_1_7' title='bbox 440 553 495 628; x_wconf 88' lang='lat' dir='ltr'><strong>ipsi</strong></span> <span class='ocrx_word' id='word_1_8' title='bbox 520 557 677 614; x_wconf 80' lang='lat' dir='ltr'><strong>retrorsum</strong></span> <span class='ocrx_word' id='word_1_9' title='bbox 700 554 730 613; x_wconf 93' lang='lat' dir='ltr'><strong>in</strong></span> <span class='ocrx_word' id='word_1_10' title='bbox 875 559 908 613; x_wconf 87' lang='grc' dir='ltr'><strong>ι5</strong></span> <span class='ocrx_word' id='word_1_11' title='bbox 923 554 997 613; x_wconf 89' lang='lat' dir='ltr'><strong>Disci</strong></span> <span class='ocrx_word' id='word_1_12' title='bbox 1018 554 1132 612; x_wconf 90' lang='lat' dir='ltr'><strong>nlorum</strong></span> <span class='ocrx_word' id='word_1_13' title='bbox 1155 550 1234 624; x_wconf 82' lang='lat' dir='ltr'><strong>fuga,</strong></span> <span class='ocrx_word' id='word_1_14' title='bbox 1258 549 1319 609; x_wconf 88' lang='lat' dir='ltr'><strong>lide</strong></span> <span class='ocrx_word' id='word_1_15' title='bbox 1343 550 1373 608; x_wconf 92' lang='lat' dir='ltr'><strong>in</strong></span> 
     </span>
     <span class='ocr_line' id='line_1_3' title="bbox 271 625 1446 705; baseline -0.006 -19"><span class='ocrx_word' id='word_1_16' title='bbox 271 633 378 686; x_wconf 86' lang='lat' dir='ltr'><strong>terrem</strong></span> <span class='ocrx_word' id='word_1_17' title='bbox 400 627 514 684; x_wconf 89' lang='lat' dir='ltr'><strong>eadunt.</strong></span> <span class='ocrx_word' id='word_1_18' title='bbox 785 630 818 683; x_wconf 77' lang='grc' dir='ltr'><strong>ιδ</strong></span> <span class='ocrx_word' id='word_1_19' title='bbox 909 627 970 684; x_wconf 88' lang='lat' dir='ltr'><strong>sola</strong></span> <span class='ocrx_word' id='word_1_20' title='bbox 1011 625 1073 683; x_wconf 90' lang='lat' dir='ltr'><strong>aria</strong></span> <span class='ocrx_word' id='word_1_21' title='bbox 1087 626 1266 682; x_wconf 77' lang='lat' dir='ltr'><strong>remanente.</strong></span> <span class='ocrx_word' id='word_1_22' title='bbox 1365 694 1371 705; x_wconf 23' lang='grc' dir='ltr'>ι</span> <span class='ocrx_word' id='word_1_23' title='bbox 1420 627 1446 680; x_wconf 77' lang='lat'><strong>30</strong></span> 
     </span>
     <span class='ocr_line' id='line_1_4' title="bbox 239 695 1373 767; baseline -0.007 -8"><span class='ocrx_word' id='word_1_24' title='bbox 239 707 269 758; x_wconf 92' lang='grc' dir='ltr'><strong>ι6</strong></span> <span class='ocrx_word' id='word_1_25' title='bbox 283 701 416 758; x_wconf 85' lang='lat' dir='ltr'><strong>Osculum</strong></span> <span class='ocrx_word' id='word_1_26' title='bbox 431 699 522 756; x_wconf 81' lang='lat' dir='ltr'><strong>ludas.</strong></span> <span class='ocrx_word' id='word_1_27' title='bbox 784 703 818 766; x_wconf 76' lang='lat' dir='ltr'><strong>nl</strong></span> <span class='ocrx_word' id='word_1_28' title='bbox 875 703 907 756; x_wconf 87' lang='grc' dir='ltr'><strong>ι6</strong></span> <span class='ocrx_word' id='word_1_29' title='bbox 921 699 1058 766; x_wconf 88' lang='lat' dir='ltr'><strong>Quisnam</strong></span> <span class='ocrx_word' id='word_1_30' title='bbox 1072 696 1120 754; x_wconf 90' lang='lat' dir='ltr'><strong>ille</strong></span> <span class='ocrx_word' id='word_1_31' title='bbox 1130 695 1310 765; x_wconf 83' lang='lat' dir='ltr'><strong>adolescens,</strong></span> <span class='ocrx_word' id='word_1_32' title='bbox 1322 709 1373 767; x_wconf 82' lang='lat' dir='ltr'><strong>qui</strong></span> 
     </span>
     <span class='ocr_line' id='line_1_5' title="bbox 194 767 1374 846; baseline -0.006 -15"><span class='ocrx_word' id='word_1_33' title='bbox 194 776 200 788; x_wconf 82' lang='lat'><strong><em>¹</em></strong></span> <span class='ocrx_word' id='word_1_34' title='bbox 238 795 268 846; x_wconf 89' lang='lat'><strong>¹7</strong></span> <span class='ocrx_word' id='word_1_35' title='bbox 281 772 401 840; x_wconf 89' lang='lat' dir='ltr'><strong>Quinam</strong></span> <span class='ocrx_word' id='word_1_36' title='bbox 416 773 483 828; x_wconf 92' lang='lat' dir='ltr'><strong>suut</strong></span> <span class='ocrx_word' id='word_1_37' title='bbox 498 769 578 827; x_wconf 83' lang='lat' dir='ltr'><strong>Judae</strong></span> <span class='ocrx_word' id='word_1_38' title='bbox 602 767 730 826; x_wconf 77' lang='lat' dir='ltr'><strong>similes?</strong></span> <span class='ocrx_word' id='word_1_39' title='bbox 909 771 986 827; x_wconf 90' lang='lat' dir='ltr'><strong>solus</strong></span> <span class='ocrx_word' id='word_1_40' title='bbox 1012 773 1108 828; x_wconf 86' lang='lat' dir='ltr'><strong>lesum</strong></span> <span class='ocrx_word' id='word_1_41' title='bbox 1134 771 1249 824; x_wconf 90' lang='lat' dir='ltr'><strong>secutus</strong></span> <span class='ocrx_word' id='word_1_42' title='bbox 1271 771 1329 833; x_wconf 87' lang='lat' dir='ltr'><strong>est,</strong></span> <span class='ocrx_word' id='word_1_43' title='bbox 1345 772 1374 824; x_wconf 92' lang='lat' dir='ltr'><strong>et</strong></span> 
     </span>
     <span class='ocr_line' id='line_1_6' title="bbox 270 839 1449 914; baseline -0.007 -12"><span class='ocrx_word' id='word_1_44' title='bbox 270 843 360 902; x_wconf 87' lang='lat' dir='ltr'><strong>ettria</strong></span> <span class='ocrx_word' id='word_1_45' title='bbox 369 843 445 899; x_wconf 91' lang='lat' dir='ltr'><strong>illius</strong></span> <span class='ocrx_word' id='word_1_46' title='bbox 455 841 639 900; x_wconf 87' lang='lat' dir='ltr'><strong>traditionem</strong></span> <span class='ocrx_word' id='word_1_47' title='bbox 653 855 728 899; x_wconf 87' lang='lat' dir='ltr'><strong>ama·</strong></span> <span class='ocrx_word' id='word_1_48' title='bbox 909 858 1050 914; x_wconf 89' lang='lat' dir='ltr'><strong>quosnam</strong></span> <span class='ocrx_word' id='word_1_49' title='bbox 1063 839 1215 912; x_wconf 77' lang='lat' dir='ltr'><strong>designat?</strong></span> <span class='ocrx_word' id='word_1_50' title='bbox 1423 843 1449 895; x_wconf 81' lang='lat' dir='ltr'><strong>to</strong></span> 
     </span>
     <span class='ocr_line' id='line_1_7' title="bbox 268 909 1375 986; baseline -0.005 -13"><span class='ocrx_word' id='word_1_51' title='bbox 268 931 331 973; x_wconf 88' lang='lat' dir='ltr'><strong>ram</strong></span> <span class='ocrx_word' id='word_1_52' title='bbox 347 915 507 972; x_wconf 86' lang='lat' dir='ltr'><strong>reddentia.</strong></span> <span class='ocrx_word' id='word_1_53' title='bbox 784 915 817 968; x_wconf 78' lang='lat'><strong>25</strong></span> <span class='ocrx_word' id='word_1_54' title='bbox 873 933 905 986; x_wconf 77' lang='lat'><strong>²7</strong></span> <span class='ocrx_word' id='word_1_55' title='bbox 922 915 1048 982; x_wconf 87' lang='lat' dir='ltr'><strong>Quatuor</strong></span> <span class='ocrx_word' id='word_1_56' title='bbox 1067 913 1237 970; x_wconf 87' lang='lat' dir='ltr'><strong>documenta</strong></span> <span class='ocrx_word' id='word_1_57' title='bbox 1261 926 1279 968; x_wconf 91' lang='lat' dir='ltr'><strong>e</strong></span> <span class='ocrx_word' id='word_1_58' title='bbox 1303 909 1375 984; x_wconf 81' lang='lat' dir='ltr'><strong>fuga</strong></span> 
     </span>
     <span class='ocr_line' id='line_1_8' title="bbox 238 983 1375 1058; baseline -0.005 -12"><span class='ocrx_word' id='word_1_59' title='bbox 238 983 729 1057; x_wconf 81' lang='lat' dir='ltr'><strong>18Triadocumentaexludaepro·</strong></span> <span class='ocrx_word' id='word_1_60' title='bbox 907 986 1117 1058; x_wconf 81' lang='lat' dir='ltr'><strong>Apostolorum,</strong></span> <span class='ocrx_word' id='word_1_61' title='bbox 1148 987 1227 1042; x_wconf 90' lang='lat' dir='ltr'><strong>actus</strong></span> <span class='ocrx_word' id='word_1_62' title='bbox 1253 983 1375 1040; x_wconf 87' lang='lat' dir='ltr'><strong>confor-</strong></span> 
     </span>
     <span class='ocr_line' id='line_1_9' title="bbox 269 1055 1447 1126; baseline -0.005 -10"><span class='ocrx_word' id='word_1_63' title='bbox 269 1058 386 1126; x_wconf 90' lang='lat' dir='ltr'><strong>ditione,</strong></span> <span class='ocrx_word' id='word_1_64' title='bbox 398 1063 478 1116; x_wconf 89' lang='lat' dir='ltr'><strong>actus</strong></span> <span class='ocrx_word' id='word_1_65' title='bbox 492 1055 728 1114; x_wconf 81' lang='lat' dir='ltr'><strong>conformationis</strong></span> <span class='ocrx_word' id='word_1_66' title='bbox 908 1057 1043 1115; x_wconf 85' lang='lat' dir='ltr'><strong>metionis</strong></span> <span class='ocrx_word' id='word_1_67' title='bbox 1058 1063 1086 1114; x_wconf 90' lang='lat' dir='ltr'><strong>et</strong></span> <span class='ocrx_word' id='word_1_68' title='bbox 1101 1057 1205 1113; x_wconf 89' lang='lat' dir='ltr'><strong>oratio.</strong></span> <span class='ocrx_word' id='word_1_69' title='bbox 1423 1059 1447 1110; x_wconf 75' lang='grc' dir='ltr'><strong>δι</strong></span> 
     </span>
     <span class='ocr_line' id='line_1_10' title="bbox 269 1125 1375 1200; baseline -0.003 -13"><span class='ocrx_word' id='word_1_70' title='bbox 269 1129 412 1188; x_wconf 84' lang='lat' dir='ltr'><strong>storatio.</strong></span> <span class='ocrx_word' id='word_1_71' title='bbox 783 1131 816 1186; x_wconf 89' lang='grc' dir='ltr'><strong>ι5</strong></span> <span class='ocrx_word' id='word_1_72' title='bbox 872 1133 905 1186; x_wconf 86' lang='grc' dir='ltr'><strong>ι8</strong></span> <span class='ocrx_word' id='word_1_73' title='bbox 930 1129 980 1186; x_wconf 86' lang='lat' dir='ltr'><strong>Pia</strong></span> <span class='ocrx_word' id='word_1_74' title='bbox 1007 1127 1154 1186; x_wconf 89' lang='lat' dir='ltr'><strong>meditatio</strong></span> <span class='ocrx_word' id='word_1_75' title='bbox 1173 1141 1258 1199; x_wconf 86' lang='lat' dir='ltr'><strong>super</strong></span> <span class='ocrx_word' id='word_1_76' title='bbox 1278 1125 1375 1200; x_wconf 84' lang='lat' dir='ltr'><strong>capti·</strong></span> 
     </span>
     <span class='ocr_line' id='line_1_11' title="bbox 237 1196 1376 1276; baseline -0.004 -16"><span class='ocrx_word' id='word_1_77' title='bbox 237 1225 267 1275; x_wconf 86' lang='lat'><strong>¹9</strong></span> <span class='ocrx_word' id='word_1_78' title='bbox 282 1201 392 1274; x_wconf 80' lang='lat' dir='ltr'><strong>Figurae</strong></span> <span class='ocrx_word' id='word_1_79' title='bbox 404 1199 558 1276; x_wconf 91' lang='lat' dir='ltr'><strong>proditoris</strong></span> <span class='ocrx_word' id='word_1_80' title='bbox 572 1196 672 1256; x_wconf 91' lang='lat' dir='ltr'><strong>osculi.</strong></span> <span class='ocrx_word' id='word_1_81' title='bbox 783 1205 816 1256; x_wconf 85' lang='grc' dir='ltr'><strong>ι6</strong></span> <span class='ocrx_word' id='word_1_82' title='bbox 906 1201 992 1258; x_wconf 85' lang='lat' dir='ltr'><strong>vitate</strong></span> <span class='ocrx_word' id='word_1_83' title='bbox 1017 1199 1131 1258; x_wconf 89' lang='lat' dir='ltr'><strong>Domini</strong></span> <span class='ocrx_word' id='word_1_84' title='bbox 1154 1205 1183 1256; x_wconf 90' lang='lat' dir='ltr'><strong>et</strong></span> <span class='ocrx_word' id='word_1_85' title='bbox 1204 1197 1306 1256; x_wconf 86' lang='lat' dir='ltr'><strong>dolore</strong></span> <span class='ocrx_word' id='word_1_86' title='bbox 1329 1198 1376 1255; x_wconf 91' lang='lat' dir='ltr'><strong>di-</strong></span> 
     </span>
     <span class='ocr_line' id='line_1_12' title="bbox 233 1270 1375 1344; baseline -0.004 -14"><span class='ocrx_word' id='word_1_87' title='bbox 233 1293 266 1330; x_wconf 87' lang='grc' dir='ltr'><strong>ιο</strong></span> <span class='ocrx_word' id='word_1_88' title='bbox 282 1277 387 1331; x_wconf 78' lang='lat' dir='ltr'><strong>fervor</strong></span> <span class='ocrx_word' id='word_1_89' title='bbox 408 1273 483 1330; x_wconf 88' lang='lat' dir='ltr'><strong>Petri</strong></span> <span class='ocrx_word' id='word_1_90' title='bbox 504 1271 534 1329; x_wconf 94' lang='lat' dir='ltr'><strong>in</strong></span> <span class='ocrx_word' id='word_1_91' title='bbox 557 1270 725 1342; x_wconf 80' lang='lat' dir='ltr'><strong>aggredieu·</strong></span> <span class='ocrx_word' id='word_1_92' title='bbox 905 1272 1079 1344; x_wconf 88' lang='lat' dir='ltr'><strong>scipulorum</strong></span> <span class='ocrx_word' id='word_1_93' title='bbox 1092 1271 1250 1344; x_wconf 85' lang='lat' dir='ltr'><strong>praesertim</strong></span> <span class='ocrx_word' id='word_1_94' title='bbox 1259 1272 1292 1328; x_wconf 88' lang='lat' dir='ltr'><strong>B.</strong></span> <span class='ocrx_word' id='word_1_95' title='bbox 1311 1270 1375 1326; x_wconf 86' lang='lat' dir='ltr'><strong>Vir·</strong></span> 
     </span>
     <span class='ocr_line' id='line_1_13' title="bbox 269 1343 1448 1417; baseline -0.006 -14"><span class='ocrx_word' id='word_1_96' title='bbox 269 1346 305 1403; x_wconf 94' lang='lat' dir='ltr'><strong>do</strong></span> <span class='ocrx_word' id='word_1_97' title='bbox 325 1345 435 1403; x_wconf 90' lang='lat' dir='ltr'><strong>lllalcho</strong></span> <span class='ocrx_word' id='word_1_98' title='bbox 456 1343 602 1404; x_wconf 87' lang='lat' dir='ltr'><strong>aChristo</strong></span> <span class='ocrx_word' id='word_1_99' title='bbox 622 1357 726 1417; x_wconf 88' lang='lat' dir='ltr'><strong>repre·</strong></span> <span class='ocrx_word' id='word_1_100' title='bbox 903 1343 977 1414; x_wconf 83' lang='lat' dir='ltr'><strong>ginis</strong></span> <span class='ocrx_word' id='word_1_101' title='bbox 991 1345 1096 1401; x_wconf 81' lang='lat' dir='ltr'><strong>llariae.</strong></span> <span class='ocrx_word' id='word_1_102' title='bbox 1425 1347 1448 1397; x_wconf 72' lang='grc' dir='ltr'><strong>δι</strong></span> 
     </span>
     <span class='ocr_line' id='line_1_14' title="bbox 268 1413 1373 1491; baseline -0.003 -16"><span class='ocrx_word' id='word_1_103' title='bbox 268 1417 413 1475; x_wconf 89' lang='lat' dir='ltr'><strong>henditnr.</strong></span> <span class='ocrx_word' id='word_1_104' title='bbox 782 1420 815 1473; x_wconf 88' lang='grc' dir='ltr'><strong>ι6</strong></span> <span class='ocrx_word' id='word_1_105' title='bbox 870 1436 903 1490; x_wconf 85' lang='grc' dir='ltr'><strong>ι9</strong></span> <span class='ocrx_word' id='word_1_106' title='bbox 918 1416 1046 1474; x_wconf 91' lang='lat' dir='ltr'><strong>Christus</strong></span> <span class='ocrx_word' id='word_1_107' title='bbox 1060 1417 1183 1491; x_wconf 91' lang='lat' dir='ltr'><strong>primum</strong></span> <span class='ocrx_word' id='word_1_108' title='bbox 1199 1413 1234 1471; x_wconf 86' lang='lat' dir='ltr'><strong>ad</strong></span> <span class='ocrx_word' id='word_1_109' title='bbox 1252 1415 1373 1472; x_wconf 87' lang='lat' dir='ltr'><strong>Annam</strong></span> 
     </span>
     <span class='ocr_line' id='line_1_15' title="bbox 234 1486 1452 1560; baseline -0.006 -12"><span class='ocrx_word' id='word_1_110' title='bbox 234 1510 264 1547; x_wconf 84' lang='grc' dir='ltr'><strong>ιι</strong></span> <span class='ocrx_word' id='word_1_111' title='bbox 281 1486 728 1560; x_wconf 86' lang='lat' dir='ltr'><strong>Saualioservi,ethlnudaChri·</strong></span> <span class='ocrx_word' id='word_1_112' title='bbox 905 1487 1029 1545; x_wconf 90' lang='lat' dir='ltr'><strong>ducitur.</strong></span> <span class='ocrx_word' id='word_1_113' title='bbox 1425 1491 1452 1542; x_wconf 73' lang='grc' dir='ltr'><strong>δι</strong></span> 
     </span>
     <span class='ocr_line' id='line_1_16' title="bbox 267 1555 1372 1632; baseline -0.004 -12"><span class='ocrx_word' id='word_1_114' title='bbox 267 1561 303 1620; x_wconf 85' lang='lat' dir='ltr'><strong>sti</strong></span> <span class='ocrx_word' id='word_1_115' title='bbox 318 1561 451 1620; x_wconf 87' lang='lat' dir='ltr'><strong>allocutio</strong></span> <span class='ocrx_word' id='word_1_116' title='bbox 469 1561 506 1618; x_wconf 93' lang='lat' dir='ltr'><strong>ad</strong></span> <span class='ocrx_word' id='word_1_117' title='bbox 522 1561 630 1618; x_wconf 77' lang='lat' dir='ltr'><strong>turbae.</strong></span> <span class='ocrx_word' id='word_1_118' title='bbox 783 1581 813 1632; x_wconf 66' lang='grc' dir='ltr'><strong>ιγ</strong></span> <span class='ocrx_word' id='word_1_119' title='bbox 869 1565 903 1618; x_wconf 79' lang='lat'><strong>50</strong></span> <span class='ocrx_word' id='word_1_120' title='bbox 918 1559 1020 1618; x_wconf 86' lang='lat' dir='ltr'><strong>Novies</strong></span> <span class='ocrx_word' id='word_1_121' title='bbox 1038 1560 1139 1618; x_wconf 90' lang='lat' dir='ltr'><strong>ductus</strong></span> <span class='ocrx_word' id='word_1_122' title='bbox 1158 1555 1211 1614; x_wconf 91' lang='lat' dir='ltr'><strong>fnit</strong></span> <span class='ocrx_word' id='word_1_123' title='bbox 1225 1557 1372 1630; x_wconf 87' lang='lat' dir='ltr'><strong>Christus,</strong></span> 
     </span>
     <span class='ocr_line' id='line_1_17' title="bbox 231 1629 1373 1704; baseline -0.004 -12"><span class='ocrx_word' id='word_1_124' title='bbox 231 1655 262 1692; x_wconf 87' lang='grc' dir='ltr'><strong>ιι</strong></span> <span class='ocrx_word' id='word_1_125' title='bbox 276 1630 724 1704; x_wconf 76' lang='lat' dir='ltr'><strong>VoluntariaChristicaptivitas,</strong></span> <span class='ocrx_word' id='word_1_126' title='bbox 905 1632 982 1688; x_wconf 89' lang='lat' dir='ltr'><strong>uude</strong></span> <span class='ocrx_word' id='word_1_127' title='bbox 997 1631 1110 1689; x_wconf 86' lang='lat' dir='ltr'><strong>devotio</strong></span> <span class='ocrx_word' id='word_1_128' title='bbox 1126 1629 1298 1688; x_wconf 78' lang='lat' dir='ltr'><strong>visitationis</strong></span> <span class='ocrx_word' id='word_1_129' title='bbox 1318 1647 1373 1688; x_wconf 92' lang='lat' dir='ltr'><strong>no-</strong></span> 
     </span>
     <span class='ocr_line' id='line_1_18' title="bbox 265 1705 1453 1776; baseline -0.004 -13"><span class='ocrx_word' id='word_1_130' title='bbox 265 1705 321 1764; x_wconf 93' lang='lat' dir='ltr'><strong>duo</strong></span> <span class='ocrx_word' id='word_1_131' title='bbox 337 1707 509 1763; x_wconf 87' lang='lat' dir='ltr'><strong>documenta</strong></span> <span class='ocrx_word' id='word_1_132' title='bbox 526 1721 558 1760; x_wconf 83' lang='lat' dir='ltr'><strong>ex</strong></span> <span class='ocrx_word' id='word_1_133' title='bbox 581 1721 625 1772; x_wconf 88' lang='lat' dir='ltr'><strong>ca,</strong></span> <span class='ocrx_word' id='word_1_134' title='bbox 645 1709 726 1762; x_wconf 90' lang='lat' dir='ltr'><strong>actus</strong></span> <span class='ocrx_word' id='word_1_135' title='bbox 904 1719 969 1760; x_wconf 77' lang='lat' dir='ltr'><strong>rem</strong></span> <span class='ocrx_word' id='word_1_136' title='bbox 985 1705 1167 1776; x_wconf 81' lang='lat' dir='ltr'><strong>templorum.</strong></span> <span class='ocrx_word' id='word_1_137' title='bbox 1424 1705 1453 1758; x_wconf 79' lang='lat'><strong>55</strong></span> 
     </span>
     <span class='ocr_line' id='line_1_19' title="bbox 267 1775 1373 1842; baseline -0.004 -7"><span class='ocrx_word' id='word_1_138' title='bbox 267 1776 501 1842; x_wconf 84' lang='lat' dir='ltr'><strong>conformationis</strong></span> <span class='ocrx_word' id='word_1_139' title='bbox 516 1781 544 1833; x_wconf 90' lang='lat' dir='ltr'><strong>et</strong></span> <span class='ocrx_word' id='word_1_140' title='bbox 556 1777 658 1832; x_wconf 90' lang='lat' dir='ltr'><strong>oratio.</strong></span> <span class='ocrx_word' id='word_1_141' title='bbox 782 1778 815 1832; x_wconf 90' lang='grc' dir='ltr'><strong>ι8</strong></span> <span class='ocrx_word' id='word_1_142' title='bbox 869 1780 900 1838; x_wconf 74' lang='grc' dir='ltr'><strong>δι</strong></span> <span class='ocrx_word' id='word_1_143' title='bbox 919 1776 1045 1842; x_wconf 85' lang='lat' dir='ltr'><strong>Quatuor</strong></span> <span class='ocrx_word' id='word_1_144' title='bbox 1062 1777 1232 1832; x_wconf 85' lang='lat' dir='ltr'><strong>documenta</strong></span> <span class='ocrx_word' id='word_1_145' title='bbox 1251 1791 1286 1833; x_wconf 86' lang='lat' dir='ltr'><strong>ex</strong></span> <span class='ocrx_word' id='word_1_146' title='bbox 1313 1775 1373 1832; x_wconf 90' lang='lat' dir='ltr'><strong>du-</strong></span> 
     </span>
     <span class='ocr_line' id='line_1_20' title="bbox 232 1845 1371 1920; baseline -0.004 -13"><span class='ocrx_word' id='word_1_147' title='bbox 232 1853 264 1906; x_wconf 77' lang='lat'><strong>25</strong></span> <span class='ocrx_word' id='word_1_148' title='bbox 280 1851 336 1907; x_wconf 93' lang='lat' dir='ltr'><strong>Cur</strong></span> <span class='ocrx_word' id='word_1_149' title='bbox 352 1848 488 1904; x_wconf 88' lang='lat' dir='ltr'><strong>Dominus</strong></span> <span class='ocrx_word' id='word_1_150' title='bbox 503 1846 626 1904; x_wconf 85' lang='lat' dir='ltr'><strong>vinculis</strong></span> <span class='ocrx_word' id='word_1_151' title='bbox 643 1845 726 1920; x_wconf 81' lang='lat' dir='ltr'><strong>ligari</strong></span> <span class='ocrx_word' id='word_1_152' title='bbox 904 1847 997 1904; x_wconf 91' lang='lat' dir='ltr'><strong>ctione</strong></span> <span class='ocrx_word' id='word_1_153' title='bbox 1017 1847 1131 1916; x_wconf 87' lang='lat' dir='ltr'><strong>Christi,</strong></span> <span class='ocrx_word' id='word_1_154' title='bbox 1147 1853 1227 1904; x_wconf 89' lang='lat' dir='ltr'><strong>actus</strong></span> <span class='ocrx_word' id='word_1_155' title='bbox 1251 1849 1371 1904; x_wconf 89' lang='lat' dir='ltr'><strong>confor-</strong></span> 
     </span>
     <span class='ocr_line' id='line_1_21' title="bbox 266 1918 1450 1993; baseline -0.001 -17"><span class='ocrx_word' id='word_1_156' title='bbox 266 1919 410 1978; x_wconf 85' lang='lat' dir='ltr'><strong>volucrit?</strong></span> <span class='ocrx_word' id='word_1_157' title='bbox 782 1939 815 1993; x_wconf 88' lang='grc' dir='ltr'><strong>ι9</strong></span> <span class='ocrx_word' id='word_1_158' title='bbox 905 1918 1039 1976; x_wconf 83' lang='lat' dir='ltr'><strong>metionis</strong></span> <span class='ocrx_word' id='word_1_159' title='bbox 1054 1919 1197 1976; x_wconf 86' lang='lat' dir='ltr'><strong>eiuratio.</strong></span> <span class='ocrx_word' id='word_1_160' title='bbox 1423 1921 1450 1938; x_wconf 92' lang='lat'><strong>&#39;&#39;</strong></span> 
     </span>
     <span class='ocr_line' id='line_1_22' title="bbox 232 1989 1371 2064; baseline -0.002 -16"><span class='ocrx_word' id='word_1_161' title='bbox 232 1995 266 2060; x_wconf 74' lang='lat' dir='ltr'><strong>sd</strong></span> <span class='ocrx_word' id='word_1_162' title='bbox 280 1991 411 2064; x_wconf 87' lang='lat' dir='ltr'><strong>Quinque</strong></span> <span class='ocrx_word' id='word_1_163' title='bbox 426 1991 596 2048; x_wconf 88' lang='lat' dir='ltr'><strong>documenta</strong></span> <span class='ocrx_word' id='word_1_164' title='bbox 611 2005 644 2048; x_wconf 86' lang='lat' dir='ltr'><strong>ex</strong></span> <span class='ocrx_word' id='word_1_165' title='bbox 658 1991 726 2062; x_wconf 82' lang='lat' dir='ltr'><strong>liga·</strong></span> <span class='ocrx_word' id='word_1_166' title='bbox 868 1995 902 2048; x_wconf 75' lang='grc' dir='ltr'><strong>δι</strong></span> <span class='ocrx_word' id='word_1_167' title='bbox 914 1992 1014 2048; x_wconf 91' lang='lat' dir='ltr'><strong>Petrus</strong></span> <span class='ocrx_word' id='word_1_168' title='bbox 1029 1994 1125 2050; x_wconf 85' lang='lat' dir='ltr'><strong>lesum</strong></span> <span class='ocrx_word' id='word_1_169' title='bbox 1141 2005 1264 2063; x_wconf 84' lang='lat' dir='ltr'><strong>sequeus</strong></span> <span class='ocrx_word' id='word_1_170' title='bbox 1275 2005 1294 2047; x_wconf 88' lang='lat' dir='ltr'><strong>a</strong></span> <span class='ocrx_word' id='word_1_171' title='bbox 1304 1989 1371 2047; x_wconf 91' lang='lat' dir='ltr'><strong>lon-</strong></span> 
     </span>
     <span class='ocr_line' id='line_1_23' title="bbox 265 2061 1435 2152; baseline -0.002 -31"><span class='ocrx_word' id='word_1_172' title='bbox 265 2063 343 2122; x_wconf 89' lang='lat' dir='ltr'><strong>tiono</strong></span> <span class='ocrx_word' id='word_1_173' title='bbox 368 2063 493 2134; x_wconf 86' lang='lat' dir='ltr'><strong>Domini,</strong></span> <span class='ocrx_word' id='word_1_174' title='bbox 508 2069 587 2121; x_wconf 89' lang='lat' dir='ltr'><strong>actus</strong></span> <span class='ocrx_word' id='word_1_175' title='bbox 611 2063 724 2122; x_wconf 91' lang='lat' dir='ltr'><strong>confor-</strong></span> <span class='ocrx_word' id='word_1_176' title='bbox 904 2079 939 2134; x_wconf 80' lang='lat' dir='ltr'><strong>ge</strong></span> <span class='ocrx_word' id='word_1_177' title='bbox 964 2064 992 2120; x_wconf 92' lang='lat' dir='ltr'><strong>in</strong></span> <span class='ocrx_word' id='word_1_178' title='bbox 1015 2062 1121 2121; x_wconf 89' lang='lat' dir='ltr'><strong>atrium</strong></span> <span class='ocrx_word' id='word_1_179' title='bbox 1146 2061 1295 2121; x_wconf 88' lang='lat' dir='ltr'><strong>Pontificis</strong></span> <span class='ocrx_word' id='word_1_180' title='bbox 1321 2062 1370 2120; x_wconf 92' lang='lat' dir='ltr'><strong>in·</strong></span> <span class='ocrx_word' id='word_1_181' title='bbox 1422 2137 1435 2152; x_wconf 43' lang='grc' dir='ltr'>Ι</span> 
     </span>
    </p>
   </div>
   <div class='ocr_carea' id='block_1_3' title="bbox 265 2135 1072 2208">
    <p class='ocr_par' dir='ltr' id='par_1_3' title="bbox 265 2135 1072 2208">
     <span class='ocr_line' id='line_1_24' title="bbox 265 2135 1072 2208; baseline -0.004 -12"><span class='ocrx_word' id='word_1_182' title='bbox 265 2136 400 2198; x_wconf 81' lang='lat' dir='ltr'><strong>metionis</strong></span> <span class='ocrx_word' id='word_1_183' title='bbox 414 2143 443 2196; x_wconf 88' lang='lat' dir='ltr'><strong>et</strong></span> <span class='ocrx_word' id='word_1_184' title='bbox 458 2135 560 2195; x_wconf 88' lang='lat' dir='ltr'><strong>oratio.</strong></span> <span class='ocrx_word' id='word_1_185' title='bbox 781 2154 814 2208; x_wconf 91' lang='grc' dir='ltr'><strong>ι9</strong></span> <span class='ocrx_word' id='word_1_186' title='bbox 903 2135 1072 2195; x_wconf 85' lang='lat' dir='ltr'><strong>troducitur.</strong></span> 
     </span>
    </p>
   </div>
   <div class='ocr_carea' id='block_1_4' title="bbox 445 2334 1226 2402">
    <p class='ocr_par' dir='ltr' id='par_1_4' title="bbox 445 2334 1226 2402">
     <span class='ocr_line' id='line_1_25' title="bbox 445 2334 1226 2402; baseline -0.004 -7"><span class='ocrx_word' id='word_1_187' title='bbox 445 2337 559 2395; x_wconf 85' lang='lat' dir='ltr'>CAPUT</span> <span class='ocrx_word' id='word_1_188' title='bbox 573 2335 627 2392; x_wconf 83' lang='lat' dir='ltr'><strong>Llf.</strong></span> <span class='ocrx_word' id='word_1_189' title='bbox 643 2335 727 2390; x_wconf 87' lang='lat' dir='ltr'><strong>-De</strong></span> <span class='ocrx_word' id='word_1_190' title='bbox 741 2334 899 2402; x_wconf 75' lang='lat' dir='ltr'><strong>matutinos,</strong></span> <span class='ocrx_word' id='word_1_191' title='bbox 914 2337 945 2392; x_wconf 82' lang='lat' dir='ltr'><strong>in</strong></span> <span class='ocrx_word' id='word_1_192' title='bbox 961 2336 1092 2393; x_wconf 81' lang='lat' dir='ltr'><strong>Passieno</strong></span> <span class='ocrx_word' id='word_1_193' title='bbox 1104 2335 1226 2392; x_wconf 72' lang='lat' dir='ltr'><strong>Domim.</strong></span> 
     </span>
    </p>
   </div>
   <div class='ocr_carea' id='block_1_5' title="bbox 223 2503 1366 4455">
    <p class='ocr_par' dir='ltr' id='par_1_5' title="bbox 249 2503 1366 2580">
     <span class='ocr_line' id='line_1_26' title="bbox 249 2503 1366 2580; baseline -0.001 -17"><span class='ocrx_word' id='word_1_194' title='bbox 249 2529 258 2563; x_wconf 98' lang='grc' dir='ltr'><strong>ι</strong></span> <span class='ocrx_word' id='word_1_195' title='bbox 273 2505 370 2566; x_wconf 87' lang='lat' dir='ltr'><strong>Prima</strong></span> <span class='ocrx_word' id='word_1_196' title='bbox 384 2505 488 2564; x_wconf 89' lang='lat' dir='ltr'><strong>Christi</strong></span> <span class='ocrx_word' id='word_1_197' title='bbox 504 2504 701 2580; x_wconf 83' lang='lat' dir='ltr'><strong>iuterrogatio.</strong></span> <span class='ocrx_word' id='word_1_198' title='bbox 775 2509 809 2562; x_wconf 78' lang='lat'><strong>35</strong></span> <span class='ocrx_word' id='word_1_199' title='bbox 901 2511 1032 2565; x_wconf 89' lang='lat' dir='ltr'><strong>cumcnta</strong></span> <span class='ocrx_word' id='word_1_200' title='bbox 1046 2523 1079 2564; x_wconf 87' lang='lat' dir='ltr'><strong>ex</strong></span> <span class='ocrx_word' id='word_1_201' title='bbox 1092 2523 1136 2578; x_wconf 85' lang='lat' dir='ltr'><strong>ea,</strong></span> <span class='ocrx_word' id='word_1_202' title='bbox 1152 2507 1232 2562; x_wconf 90' lang='lat' dir='ltr'><strong>actus</strong></span> <span class='ocrx_word' id='word_1_203' title='bbox 1250 2503 1366 2562; x_wconf 90' lang='lat' dir='ltr'><strong>confor-</strong></span> 
     </span>
    </p>

    <p class='ocr_par' dir='ltr' id='par_1_6' title="bbox 246 2575 1191 2650">
     <span class='ocr_line' id='line_1_27' title="bbox 246 2575 1191 2650; baseline 0 -17"><span class='ocrx_word' id='word_1_204' title='bbox 246 2598 259 2633; x_wconf 92' lang='grc' dir='ltr'><strong>ι</strong></span> <span class='ocrx_word' id='word_1_205' title='bbox 274 2577 436 2650; x_wconf 84' lang='lat' dir='ltr'><strong>Alapizatur</strong></span> <span class='ocrx_word' id='word_1_206' title='bbox 445 2575 593 2635; x_wconf 88' lang='lat' dir='ltr'><strong>Dominus.</strong></span> <span class='ocrx_word' id='word_1_207' title='bbox 776 2582 810 2632; x_wconf 76' lang='lat'><strong>56</strong></span> <span class='ocrx_word' id='word_1_208' title='bbox 899 2579 1035 2637; x_wconf 83' lang='lat' dir='ltr'><strong>metionis</strong></span> <span class='ocrx_word' id='word_1_209' title='bbox 1047 2583 1076 2636; x_wconf 92' lang='lat' dir='ltr'><strong>et</strong></span> <span class='ocrx_word' id='word_1_210' title='bbox 1090 2577 1191 2636; x_wconf 90' lang='lat' dir='ltr'><strong>oratio.</strong></span> 
     </span>
    </p>

    <p class='ocr_par' dir='ltr' id='par_1_7' title="bbox 244 2647 1364 2868">
     <span class='ocr_line' id='line_1_28' title="bbox 244 2647 1364 2725; baseline 0.002 -21"><span class='ocrx_word' id='word_1_211' title='bbox 244 2653 260 2704; x_wconf 81' lang='lat'>3</span> <span class='ocrx_word' id='word_1_212' title='bbox 276 2648 343 2706; x_wconf 76' lang='lat' dir='ltr'><strong>TrIa</strong></span> <span class='ocrx_word' id='word_1_213' title='bbox 358 2649 530 2705; x_wconf 91' lang='lat' dir='ltr'><strong>documenta</strong></span> <span class='ocrx_word' id='word_1_214' title='bbox 545 2665 578 2705; x_wconf 85' lang='lat' dir='ltr'><strong>ex</strong></span> <span class='ocrx_word' id='word_1_215' title='bbox 596 2647 720 2722; x_wconf 87' lang='lat' dir='ltr'><strong>alapiza·</strong></span> <span class='ocrx_word' id='word_1_216' title='bbox 868 2655 899 2708; x_wconf 77' lang='lat' dir='ltr'><strong>id</strong></span> <span class='ocrx_word' id='word_1_217' title='bbox 914 2651 1105 2725; x_wconf 80' lang='lat' dir='ltr'><strong>colaphizatio</strong></span> <span class='ocrx_word' id='word_1_218' title='bbox 1119 2647 1232 2718; x_wconf 87' lang='lat' dir='ltr'><strong>Christi,</strong></span> <span class='ocrx_word' id='word_1_219' title='bbox 1243 2647 1300 2705; x_wconf 94' lang='lat' dir='ltr'><strong>duo</strong></span> <span class='ocrx_word' id='word_1_220' title='bbox 1314 2647 1364 2706; x_wconf 94' lang='lat' dir='ltr'><strong>do-</strong></span> 
     </span>
     <span class='ocr_line' id='line_1_29' title="bbox 261 2719 1364 2794; baseline -0.003 -15"><span class='ocrx_word' id='word_1_221' title='bbox 261 2720 340 2780; x_wconf 88' lang='lat' dir='ltr'><strong>tiouc</strong></span> <span class='ocrx_word' id='word_1_222' title='bbox 363 2719 486 2791; x_wconf 92' lang='lat' dir='ltr'><strong>Domini,</strong></span> <span class='ocrx_word' id='word_1_223' title='bbox 502 2727 582 2778; x_wconf 87' lang='lat' dir='ltr'><strong>actus</strong></span> <span class='ocrx_word' id='word_1_224' title='bbox 607 2721 718 2778; x_wconf 91' lang='lat' dir='ltr'><strong>coufor-</strong></span> <span class='ocrx_word' id='word_1_225' title='bbox 900 2729 1032 2781; x_wconf 90' lang='lat' dir='ltr'><strong>cumente</strong></span> <span class='ocrx_word' id='word_1_226' title='bbox 1046 2741 1080 2780; x_wconf 81' lang='lat' dir='ltr'><strong>er</strong></span> <span class='ocrx_word' id='word_1_227' title='bbox 1094 2739 1138 2794; x_wconf 89' lang='lat' dir='ltr'><strong>ea,</strong></span> <span class='ocrx_word' id='word_1_228' title='bbox 1153 2727 1232 2779; x_wconf 91' lang='lat' dir='ltr'><strong>actus</strong></span> <span class='ocrx_word' id='word_1_229' title='bbox 1249 2721 1364 2777; x_wconf 75' lang='lat' dir='ltr'><strong>confer</strong></span> 
     </span>
     <span class='ocr_line' id='line_1_30' title="bbox 261 2792 1198 2868; baseline 0 -17"><span class='ocrx_word' id='word_1_230' title='bbox 261 2792 396 2852; x_wconf 86' lang='lat' dir='ltr'><strong>metionis</strong></span> <span class='ocrx_word' id='word_1_231' title='bbox 416 2799 445 2850; x_wconf 91' lang='lat' dir='ltr'><strong>et</strong></span> <span class='ocrx_word' id='word_1_232' title='bbox 459 2795 559 2850; x_wconf 88' lang='lat' dir='ltr'><strong>oratio.</strong></span> <span class='ocrx_word' id='word_1_233' title='bbox 775 2798 808 2868; x_wconf 82' lang='lat'><strong>57</strong></span> <span class='ocrx_word' id='word_1_234' title='bbox 900 2795 1034 2853; x_wconf 84' lang='lat' dir='ltr'><strong>metionis</strong></span> <span class='ocrx_word' id='word_1_235' title='bbox 1048 2799 1077 2852; x_wconf 89' lang='lat' dir='ltr'><strong>et</strong></span> <span class='ocrx_word' id='word_1_236' title='bbox 1096 2795 1198 2852; x_wconf 87' lang='lat' dir='ltr'><strong>oratio.</strong></span> 
     </span>
    </p>

    <p class='ocr_par' dir='ltr' id='par_1_8' title="bbox 242 2863 1362 3011">
     <span class='ocr_line' id='line_1_31' title="bbox 242 2863 1362 2937; baseline -0.002 -13"><span class='ocrx_word' id='word_1_237' title='bbox 242 2865 356 2934; x_wconf 75' lang='lat' dir='ltr'><strong>ffalsa</strong></span> <span class='ocrx_word' id='word_1_238' title='bbox 369 2865 533 2924; x_wconf 90' lang='lat' dir='ltr'><strong>testimonie</strong></span> <span class='ocrx_word' id='word_1_239' title='bbox 549 2869 649 2924; x_wconf 90' lang='lat' dir='ltr'><strong>contra</strong></span> <span class='ocrx_word' id='word_1_240' title='bbox 664 2868 719 2924; x_wconf 94' lang='lat' dir='ltr'><strong>Do·</strong></span> <span class='ocrx_word' id='word_1_241' title='bbox 867 2871 898 2937; x_wconf 74' lang='lat' dir='ltr'><strong>ri</strong></span> <span class='ocrx_word' id='word_1_242' title='bbox 914 2867 1061 2925; x_wconf 82' lang='lat' dir='ltr'><strong>Percussis</strong></span> <span class='ocrx_word' id='word_1_243' title='bbox 1078 2865 1225 2924; x_wconf 89' lang='lat' dir='ltr'><strong>infaciem</strong></span> <span class='ocrx_word' id='word_1_244' title='bbox 1244 2863 1362 2936; x_wconf 86' lang='lat' dir='ltr'><strong>Christi,</strong></span> 
     </span>
     <span class='ocr_line' id='line_1_32' title="bbox 258 2937 1362 3011; baseline 0 -15"><span class='ocrx_word' id='word_1_245' title='bbox 258 2937 718 3011; x_wconf 83' lang='lat' dir='ltr'><strong>minumcoramCoipliaprolata.</strong></span> <span class='ocrx_word' id='word_1_246' title='bbox 775 2943 808 3011; x_wconf 79' lang='lat'><strong>57</strong></span> <span class='ocrx_word' id='word_1_247' title='bbox 900 2941 956 2998; x_wconf 90' lang='lat' dir='ltr'><strong>duo</strong></span> <span class='ocrx_word' id='word_1_248' title='bbox 976 2940 1146 2998; x_wconf 89' lang='lat' dir='ltr'><strong>documenta</strong></span> <span class='ocrx_word' id='word_1_249' title='bbox 1164 2956 1199 2996; x_wconf 84' lang='lat' dir='ltr'><strong>cx</strong></span> <span class='ocrx_word' id='word_1_250' title='bbox 1213 2951 1257 3006; x_wconf 90' lang='lat' dir='ltr'><strong>ea,</strong></span> <span class='ocrx_word' id='word_1_251' title='bbox 1280 2943 1362 2996; x_wconf 87' lang='lat' dir='ltr'><strong>actus</strong></span> 
     </span>
    </p>

    <p class='ocr_par' dir='ltr' id='par_1_9' title="bbox 242 3007 1361 3222">
     <span class='ocr_line' id='line_1_33' title="bbox 242 3007 1305 3070; baseline -0.003 -2"><span class='ocrx_word' id='word_1_252' title='bbox 242 3010 721 3068; x_wconf 78' lang='lat' dir='ltr'><strong>5Triadocumeutadelalsotosti·</strong></span> <span class='ocrx_word' id='word_1_253' title='bbox 898 3011 1135 3070; x_wconf 87' lang='lat' dir='ltr'><strong>conformationis</strong></span> <span class='ocrx_word' id='word_1_254' title='bbox 1146 3017 1183 3068; x_wconf 71' lang='lat' dir='ltr'><strong>&#39;et</strong></span> <span class='ocrx_word' id='word_1_255' title='bbox 1202 3007 1305 3067; x_wconf 88' lang='lat' dir='ltr'><strong>oratio.</strong></span> 
     </span>
     <span class='ocr_line' id='line_1_34' title="bbox 259 3081 1361 3157; baseline 0 -17"><span class='ocrx_word' id='word_1_256' title='bbox 259 3082 367 3152; x_wconf 88' lang='lat' dir='ltr'><strong>monio,</strong></span> <span class='ocrx_word' id='word_1_257' title='bbox 383 3087 462 3141; x_wconf 89' lang='lat' dir='ltr'><strong>actus</strong></span> <span class='ocrx_word' id='word_1_258' title='bbox 485 3081 720 3140; x_wconf 81' lang='lat' dir='ltr'><strong>conformationis</strong></span> <span class='ocrx_word' id='word_1_259' title='bbox 866 3088 896 3142; x_wconf 82' lang='lat'><strong>15</strong></span> <span class='ocrx_word' id='word_1_260' title='bbox 915 3084 1107 3157; x_wconf 78' lang='lat' dir='ltr'><strong>prophetandi</strong></span> <span class='ocrx_word' id='word_1_261' title='bbox 1127 3081 1271 3156; x_wconf 85' lang='lat' dir='ltr'><strong>expetitio,</strong></span> <span class='ocrx_word' id='word_1_262' title='bbox 1287 3097 1361 3152; x_wconf 85' lang='lat' dir='ltr'><strong>qua-</strong></span> 
     </span>
     <span class='ocr_line' id='line_1_35' title="bbox 260 3153 1360 3222; baseline 0.001 -11"><span class='ocrx_word' id='word_1_263' title='bbox 260 3161 289 3211; x_wconf 91' lang='lat' dir='ltr'><strong>et</strong></span> <span class='ocrx_word' id='word_1_264' title='bbox 303 3153 404 3212; x_wconf 90' lang='lat' dir='ltr'><strong>oratio.</strong></span> <span class='ocrx_word' id='word_1_265' title='bbox 701 3207 706 3218; x_wconf 87' lang='grc'>,</span> <span class='ocrx_word' id='word_1_266' title='bbox 773 3157 807 3211; x_wconf 84' lang='lat'><strong>58</strong></span> <span class='ocrx_word' id='word_1_267' title='bbox 898 3161 964 3213; x_wconf 90' lang='lat' dir='ltr'><strong>tuor</strong></span> <span class='ocrx_word' id='word_1_268' title='bbox 978 3157 1150 3214; x_wconf 90' lang='lat' dir='ltr'><strong>documenta</strong></span> <span class='ocrx_word' id='word_1_269' title='bbox 1164 3173 1198 3212; x_wconf 85' lang='lat' dir='ltr'><strong>ox</strong></span> <span class='ocrx_word' id='word_1_270' title='bbox 1219 3171 1262 3222; x_wconf 90' lang='lat' dir='ltr'><strong>ca,</strong></span> <span class='ocrx_word' id='word_1_271' title='bbox 1278 3159 1360 3212; x_wconf 85' lang='lat' dir='ltr'><strong>nctus</strong></span> 
     </span>
    </p>

    <p class='ocr_par' dir='ltr' id='par_1_10' title="bbox 242 3223 1359 3382">
     <span class='ocr_line' id='line_1_36' title="bbox 242 3223 1289 3286; baseline -0.002 -4"><span class='ocrx_word' id='word_1_272' title='bbox 242 3231 258 3282; x_wconf 87' lang='grc'><strong>6</strong></span> <span class='ocrx_word' id='word_1_273' title='bbox 273 3226 424 3284; x_wconf 86' lang='lat' dir='ltr'><strong>Ad&#39;uratio</strong></span> <span class='ocrx_word' id='word_1_274' title='bbox 445 3225 549 3284; x_wconf 89' lang='lat' dir='ltr'><strong>summi</strong></span> <span class='ocrx_word' id='word_1_275' title='bbox 572 3223 719 3284; x_wconf 88' lang='lat' dir='ltr'><strong>Pontificis</strong></span> <span class='ocrx_word' id='word_1_276' title='bbox 898 3227 1132 3286; x_wconf 81' lang='lat' dir='ltr'><strong>conformationis</strong></span> <span class='ocrx_word' id='word_1_277' title='bbox 1145 3232 1174 3284; x_wconf 93' lang='lat' dir='ltr'><strong>et</strong></span> <span class='ocrx_word' id='word_1_278' title='bbox 1185 3227 1289 3286; x_wconf 90' lang='lat' dir='ltr'><strong>oratio.</strong></span> 
     </span>
     <span class='ocr_line' id='line_1_37' title="bbox 259 3243 1359 3382; baseline 0.001 -27"><span class='ocrx_word' id='word_1_279' title='bbox 259 3303 288 3355; x_wconf 89' lang='lat' dir='ltr'><strong>et</strong></span> <span class='ocrx_word' id='word_1_280' title='bbox 299 3243 403 3382; x_wconf 63' lang='lat' dir='ltr'><strong>Christi</strong></span> <span class='ocrx_word' id='word_1_281' title='bbox 414 3299 573 3371; x_wconf 88' lang='lat' dir='ltr'><strong>responsio.</strong></span> <span class='ocrx_word' id='word_1_282' title='bbox 620 3368 626 3381; x_wconf 92' lang='lat'><strong>.</strong></span> <span class='ocrx_word' id='word_1_283' title='bbox 772 3302 806 3374; x_wconf 84' lang='grc'><strong>59</strong></span> <span class='ocrx_word' id='word_1_284' title='bbox 865 3303 895 3378; x_wconf 65' lang='grc'><strong>96</strong></span> <span class='ocrx_word' id='word_1_285' title='bbox 909 3300 1054 3358; x_wconf 88' lang='lat' dir='ltr'><strong>ltlcditatio</strong></span> <span class='ocrx_word' id='word_1_286' title='bbox 1102 3316 1188 3374; x_wconf 78' lang='lat' dir='ltr'><strong>super</strong></span> <span class='ocrx_word' id='word_1_287' title='bbox 1233 3295 1359 3357; x_wconf 89' lang='lat' dir='ltr'><strong>ludibria</strong></span> 
     </span>
    </p>

    <p class='ocr_par' dir='ltr' id='par_1_11' title="bbox 242 3370 1012 3444">
     <span class='ocr_line' id='line_1_38' title="bbox 242 3370 1012 3444; baseline 0 -16"><span class='ocrx_word' id='word_1_288' title='bbox 242 3393 258 3444; x_wconf 88' lang='lat'>7</span> <span class='ocrx_word' id='word_1_289' title='bbox 275 3371 397 3442; x_wconf 70' lang='lat' dir='ltr'><strong>Caiphae</strong></span> <span class='ocrx_word' id='word_1_290' title='bbox 409 3372 578 3428; x_wconf 85' lang='lat' dir='ltr'><strong>vestimenta</strong></span> <span class='ocrx_word' id='word_1_291' title='bbox 588 3370 718 3427; x_wconf 87' lang='lat' dir='ltr'><strong>scindens</strong></span> <span class='ocrx_word' id='word_1_292' title='bbox 897 3371 1012 3428; x_wconf 90' lang='lat' dir='ltr'><strong>Christi.</strong></span> 
     </span>
    </p>

    <p class='ocr_par' dir='ltr' id='par_1_12' title="bbox 257 3441 1357 3591">
     <span class='ocr_line' id='line_1_39' title="bbox 258 3441 1223 3516; baseline 0.001 -16"><span class='ocrx_word' id='word_1_293' title='bbox 258 3442 411 3502; x_wconf 91' lang='lat' dir='ltr'><strong>Dominum</strong></span> <span class='ocrx_word' id='word_1_294' title='bbox 435 3442 620 3516; x_wconf 78' lang='lat' dir='ltr'><strong>blasphemia·</strong></span> <span class='ocrx_word' id='word_1_295' title='bbox 645 3441 716 3500; x_wconf 89' lang='lat' dir='ltr'><strong>iusi·</strong></span> <span class='ocrx_word' id='word_1_296' title='bbox 864 3465 894 3514; x_wconf 87' lang='lat'><strong>17</strong></span> <span class='ocrx_word' id='word_1_297' title='bbox 910 3443 1028 3516; x_wconf 80' lang='lat' dir='ltr'><strong>Negatio</strong></span> <span class='ocrx_word' id='word_1_298' title='bbox 1045 3443 1120 3503; x_wconf 91' lang='lat' dir='ltr'><strong>trina</strong></span> <span class='ocrx_word' id='word_1_299' title='bbox 1136 3444 1223 3502; x_wconf 90' lang='lat' dir='ltr'><strong>Petri.</strong></span> 
     </span>
     <span class='ocr_line' id='line_1_40' title="bbox 257 3515 1357 3591; baseline 0.006 -21"><span class='ocrx_word' id='word_1_300' title='bbox 257 3515 356 3572; x_wconf 88' lang='lat' dir='ltr'><strong>mulat.</strong></span> <span class='ocrx_word' id='word_1_301' title='bbox 771 3520 806 3591; x_wconf 79' lang='lat'><strong>39</strong></span> <span class='ocrx_word' id='word_1_302' title='bbox 863 3515 1357 3588; x_wconf 84' lang='lat' dir='ltr'><strong>18DespicieuteeumChristo,Pe·</strong></span> 
     </span>
    </p>

    <p class='ocr_par' dir='ltr' id='par_1_13' title="bbox 239 3585 1344 3801">
     <span class='ocr_line' id='line_1_41' title="bbox 239 3585 1141 3647; baseline 0.002 -3"><span class='ocrx_word' id='word_1_303' title='bbox 239 3591 255 3644; x_wconf 81' lang='lat'><strong>8</strong></span> <span class='ocrx_word' id='word_1_304' title='bbox 272 3589 479 3644; x_wconf 88' lang='lat' dir='ltr'><strong>Documentum</strong></span> <span class='ocrx_word' id='word_1_305' title='bbox 494 3586 601 3644; x_wconf 84' lang='lat' dir='ltr'><strong>morale</strong></span> <span class='ocrx_word' id='word_1_306' title='bbox 616 3603 649 3644; x_wconf 81' lang='lat' dir='ltr'><strong>ex</strong></span> <span class='ocrx_word' id='word_1_307' title='bbox 665 3585 716 3645; x_wconf 93' lang='lat' dir='ltr'><strong>im·</strong></span> <span class='ocrx_word' id='word_1_308' title='bbox 896 3593 957 3644; x_wconf 87' lang='lat' dir='ltr'><strong>trus</strong></span> <span class='ocrx_word' id='word_1_309' title='bbox 973 3591 1022 3645; x_wconf 90' lang='lat' dir='ltr'><strong>flet</strong></span> <span class='ocrx_word' id='word_1_310' title='bbox 1033 3605 1141 3647; x_wconf 88' lang='lat' dir='ltr'><strong>amaro.</strong></span> 
     </span>
     <span class='ocr_line' id='line_1_42' title="bbox 257 3658 1344 3736; baseline 0.006 -22"><span class='ocrx_word' id='word_1_311' title='bbox 257 3658 398 3731; x_wconf 89' lang='lat' dir='ltr'><strong>positione</strong></span> <span class='ocrx_word' id='word_1_312' title='bbox 423 3659 618 3732; x_wconf 79' lang='lat' dir='ltr'><strong>blasphemiae,</strong></span> <span class='ocrx_word' id='word_1_313' title='bbox 636 3663 715 3718; x_wconf 86' lang='lat' dir='ltr'><strong>actus</strong></span> <span class='ocrx_word' id='word_1_314' title='bbox 863 3675 895 3733; x_wconf 86' lang='grc' dir='ltr'><strong>ι9</strong></span> <span class='ocrx_word' id='word_1_315' title='bbox 911 3661 1010 3717; x_wconf 89' lang='lat' dir='ltr'><strong>Petrus</strong></span> <span class='ocrx_word' id='word_1_316' title='bbox 1022 3660 1052 3718; x_wconf 94' lang='lat' dir='ltr'><strong>iu</strong></span> <span class='ocrx_word' id='word_1_317' title='bbox 1064 3661 1234 3736; x_wconf 87' lang='lat' dir='ltr'><strong>poenitentia</strong></span> <span class='ocrx_word' id='word_1_318' title='bbox 1246 3662 1344 3721; x_wconf 91' lang='lat' dir='ltr'><strong>imitau</strong></span> 
     </span>
     <span class='ocr_line' id='line_1_43' title="bbox 258 3731 959 3801; baseline 0.007 -16"><span class='ocrx_word' id='word_1_319' title='bbox 258 3731 491 3789; x_wconf 88' lang='lat' dir='ltr'><strong>conformationis</strong></span> <span class='ocrx_word' id='word_1_320' title='bbox 506 3737 534 3788; x_wconf 93' lang='lat' dir='ltr'><strong>ot</strong></span> <span class='ocrx_word' id='word_1_321' title='bbox 549 3731 650 3789; x_wconf 83' lang='lat' dir='ltr'><strong>oratio.</strong></span> <span class='ocrx_word' id='word_1_322' title='bbox 770 3739 804 3801; x_wconf 80' lang='lat' dir='ltr'><strong>lo</strong></span> <span class='ocrx_word' id='word_1_323' title='bbox 896 3733 959 3790; x_wconf 90' lang='lat' dir='ltr'><strong>dus.</strong></span> 
     </span>
    </p>

    <p class='ocr_par' dir='ltr' id='par_1_14' title="bbox 238 3801 1357 4092">
     <span class='ocr_line' id='line_1_44' title="bbox 238 3801 1357 3882; baseline 0.007 -25"><span class='ocrx_word' id='word_1_324' title='bbox 238 3823 254 3875; x_wconf 87' lang='grc'>9</span> <span class='ocrx_word' id='word_1_325' title='bbox 266 3801 472 3862; x_wconf 79' lang='lat' dir='ltr'><strong>condemnatio</strong></span> <span class='ocrx_word' id='word_1_326' title='bbox 483 3803 586 3862; x_wconf 91' lang='lat' dir='ltr'><strong>Christi</strong></span> <span class='ocrx_word' id='word_1_327' title='bbox 596 3805 632 3861; x_wconf 89' lang='lat' dir='ltr'><strong>ad</strong></span> <span class='ocrx_word' id='word_1_328' title='bbox 643 3819 716 3861; x_wconf 90' lang='lat' dir='ltr'><strong>mor·</strong></span> <span class='ocrx_word' id='word_1_329' title='bbox 862 3823 895 3862; x_wconf 90' lang='grc' dir='ltr'><strong>ιο</strong></span> <span class='ocrx_word' id='word_1_330' title='bbox 912 3803 984 3872; x_wconf 86' lang='lat' dir='ltr'><strong>Quid</strong></span> <span class='ocrx_word' id='word_1_331' title='bbox 999 3805 1146 3864; x_wconf 89' lang='lat' dir='ltr'><strong>moraliter</strong></span> <span class='ocrx_word' id='word_1_332' title='bbox 1160 3806 1290 3879; x_wconf 85' lang='lat' dir='ltr'><strong>signatur</strong></span> <span class='ocrx_word' id='word_1_333' title='bbox 1304 3825 1357 3882; x_wconf 88' lang='lat' dir='ltr'><strong>per</strong></span> 
     </span>
     <span class='ocr_line' id='line_1_45' title="bbox 258 3875 1356 3954; baseline 0.007 -25"><span class='ocrx_word' id='word_1_334' title='bbox 258 3875 326 3944; x_wconf 89' lang='lat' dir='ltr'><strong>tem,</strong></span> <span class='ocrx_word' id='word_1_335' title='bbox 342 3875 398 3931; x_wconf 92' lang='lat' dir='ltr'><strong>duo</strong></span> <span class='ocrx_word' id='word_1_336' title='bbox 422 3878 593 3934; x_wconf 87' lang='lat' dir='ltr'><strong>documenta</strong></span> <span class='ocrx_word' id='word_1_337' title='bbox 614 3893 647 3933; x_wconf 82' lang='lat' dir='ltr'><strong>er</strong></span> <span class='ocrx_word' id='word_1_338' title='bbox 670 3893 715 3950; x_wconf 87' lang='lat' dir='ltr'><strong>ea,</strong></span> <span class='ocrx_word' id='word_1_339' title='bbox 896 3877 1014 3933; x_wconf 90' lang='lat' dir='ltr'><strong>ancillas</strong></span> <span class='ocrx_word' id='word_1_340' title='bbox 1027 3885 1056 3934; x_wconf 92' lang='lat' dir='ltr'><strong>et</strong></span> <span class='ocrx_word' id='word_1_341' title='bbox 1072 3878 1274 3946; x_wconf 87' lang='lat' dir='ltr'><strong>ministros,ad</strong></span> <span class='ocrx_word' id='word_1_342' title='bbox 1288 3897 1356 3954; x_wconf 86' lang='lat' dir='ltr'><strong>quo·</strong></span> 
     </span>
     <span class='ocr_line' id='line_1_46' title="bbox 258 3947 1355 4026; baseline 0.011 -26"><span class='ocrx_word' id='word_1_343' title='bbox 258 3948 337 4026; x_wconf 76' lang='lat' dir='ltr'><strong>actus</strong></span> <span class='ocrx_word' id='word_1_344' title='bbox 359 3947 592 4006; x_wconf 89' lang='lat' dir='ltr'><strong>conformationis</strong></span> <span class='ocrx_word' id='word_1_345' title='bbox 607 3953 635 4006; x_wconf 94' lang='lat' dir='ltr'><strong>et</strong></span> <span class='ocrx_word' id='word_1_346' title='bbox 649 3965 713 4006; x_wconf 88' lang='lat' dir='ltr'><strong>ora·</strong></span> <span class='ocrx_word' id='word_1_347' title='bbox 895 3965 959 4006; x_wconf 88' lang='lat' dir='ltr'><strong>rum</strong></span> <span class='ocrx_word' id='word_1_348' title='bbox 979 3965 1077 4008; x_wconf 84' lang='lat' dir='ltr'><strong>vocem</strong></span> <span class='ocrx_word' id='word_1_349' title='bbox 1092 3952 1194 4010; x_wconf 88' lang='lat' dir='ltr'><strong>Petrus</strong></span> <span class='ocrx_word' id='word_1_350' title='bbox 1210 3951 1355 4012; x_wconf 84' lang='lat' dir='ltr'><strong>Christum</strong></span> 
     </span>
     <span class='ocr_line' id='line_1_47' title="bbox 255 4020 1029 4092; baseline 0.004 -17"><span class='ocrx_word' id='word_1_351' title='bbox 255 4020 307 4075; x_wconf 87' lang='lat' dir='ltr'><strong>no.</strong></span> <span class='ocrx_word' id='word_1_352' title='bbox 767 4025 803 4090; x_wconf 75' lang='lat'><strong>4⁰</strong></span> <span class='ocrx_word' id='word_1_353' title='bbox 894 4021 1029 4092; x_wconf 79' lang='lat' dir='ltr'><strong>negavit?</strong></span> 
     </span>
    </p>

    <p class='ocr_par' dir='ltr' id='par_1_15' title="bbox 224 4086 1357 4218">
     <span class='ocr_line' id='line_1_48' title="bbox 224 4086 1357 4218; baseline 0.005 -68"><span class='ocrx_word' id='word_1_354' title='bbox 224 4111 256 4150; x_wconf 86' lang='grc' dir='ltr'><strong>ιο</strong></span> <span class='ocrx_word' id='word_1_355' title='bbox 272 4086 445 4218; x_wconf 59' lang='lat' dir='ltr'><strong>Gousguitur</strong></span> <span class='ocrx_word' id='word_1_356' title='bbox 460 4089 605 4150; x_wconf 89' lang='lat' dir='ltr'><strong>Dominus.</strong></span> <span class='ocrx_word' id='word_1_357' title='bbox 768 4098 799 4162; x_wconf 68' lang='grc' dir='ltr'><strong>ιι</strong></span> <span class='ocrx_word' id='word_1_358' title='bbox 860 4113 890 4151; x_wconf 95' lang='grc' dir='ltr'><strong>ιι</strong></span> <span class='ocrx_word' id='word_1_359' title='bbox 908 4095 961 4150; x_wconf 84' lang='lat' dir='ltr'><strong>Sex</strong></span> <span class='ocrx_word' id='word_1_360' title='bbox 975 4094 1145 4152; x_wconf 89' lang='lat' dir='ltr'><strong>documenta</strong></span> <span class='ocrx_word' id='word_1_361' title='bbox 1160 4111 1194 4152; x_wconf 86' lang='lat' dir='ltr'><strong>ex</strong></span> <span class='ocrx_word' id='word_1_362' title='bbox 1204 4095 1357 4180; x_wconf 78' lang='lat' dir='ltr'><strong>negatione</strong></span> 
     </span>
    </p>

    <p class='ocr_par' dir='ltr' id='par_1_16' title="bbox 224 4163 1357 4390">
     <span class='ocr_line' id='line_1_49' title="bbox 224 4163 1357 4246; baseline 0.006 -24"><span class='ocrx_word' id='word_1_363' title='bbox 224 4183 252 4222; x_wconf 91' lang='grc' dir='ltr'><strong>ιι</strong></span> <span class='ocrx_word' id='word_1_364' title='bbox 269 4163 330 4244; x_wconf 83' lang='lat' dir='ltr'><strong>Duo</strong></span> <span class='ocrx_word' id='word_1_365' title='bbox 365 4167 516 4220; x_wconf 85' lang='lat' dir='ltr'><strong>ocumenta</strong></span> <span class='ocrx_word' id='word_1_366' title='bbox 534 4179 568 4220; x_wconf 83' lang='lat' dir='ltr'><strong>ex</strong></span> <span class='ocrx_word' id='word_1_367' title='bbox 594 4179 713 4246; x_wconf 84' lang='lat' dir='ltr'><strong>conspu-</strong></span> <span class='ocrx_word' id='word_1_368' title='bbox 895 4164 982 4236; x_wconf 85' lang='lat' dir='ltr'><strong>Petri,</strong></span> <span class='ocrx_word' id='word_1_369' title='bbox 993 4171 1072 4225; x_wconf 89' lang='lat' dir='ltr'><strong>actus</strong></span> <span class='ocrx_word' id='word_1_370' title='bbox 1082 4167 1317 4228; x_wconf 85' lang='lat' dir='ltr'><strong>conformationis</strong></span> <span class='ocrx_word' id='word_1_371' title='bbox 1327 4175 1357 4228; x_wconf 89' lang='lat' dir='ltr'><strong>et</strong></span> 
     </span>
     <span class='ocr_line' id='line_1_50' title="bbox 255 4235 996 4317; baseline 0.005 -26"><span class='ocrx_word' id='word_1_372' title='bbox 255 4235 714 4317; x_wconf 58' lang='lat' dir='ltr'><strong>heneaulusconformationiset</strong></span> <span class='ocrx_word' id='word_1_373' title='bbox 893 4237 996 4296; x_wconf 90' lang='lat' dir='ltr'><strong>oratio.</strong></span> 
     </span>
     <span class='ocr_line' id='line_1_51' title="bbox 255 4309 1356 4390; baseline 0.007 -26"><span class='ocrx_word' id='word_1_374' title='bbox 255 4311 358 4366; x_wconf 82' lang='lat' dir='ltr'><strong>oratio.</strong></span> <span class='ocrx_word' id='word_1_375' title='bbox 576 4377 582 4390; x_wconf 92' lang='lat'><strong>.</strong></span> <span class='ocrx_word' id='word_1_376' title='bbox 766 4313 799 4377; x_wconf 80' lang='lat' dir='ltr'><strong>tr</strong></span> <span class='ocrx_word' id='word_1_377' title='bbox 859 4329 892 4368; x_wconf 92' lang='grc' dir='ltr'><strong>ιι</strong></span> <span class='ocrx_word' id='word_1_378' title='bbox 907 4309 1054 4379; x_wconf 85' lang='lat' dir='ltr'><strong>Quomodo</strong></span> <span class='ocrx_word' id='word_1_379' title='bbox 1078 4317 1193 4374; x_wconf 89' lang='lat' dir='ltr'><strong>noctem</strong></span> <span class='ocrx_word' id='word_1_380' title='bbox 1211 4313 1356 4375; x_wconf 85' lang='lat' dir='ltr'><strong>Passionis</strong></span> 
     </span>
    </p>

    <p class='ocr_par' dir='ltr' id='par_1_17' title="bbox 223 4379 1192 4455">
     <span class='ocr_line' id='line_1_52' title="bbox 223 4379 1192 4455; baseline 0.009 -19"><span class='ocrx_word' id='word_1_381' title='bbox 223 4398 253 4436; x_wconf 90' lang='grc' dir='ltr'><strong>ιι</strong></span> <span class='ocrx_word' id='word_1_382' title='bbox 266 4379 376 4440; x_wconf 82' lang='lat' dir='ltr'><strong>Vetatio</strong></span> <span class='ocrx_word' id='word_1_383' title='bbox 386 4379 468 4441; x_wconf 83' lang='lat' dir='ltr'><strong>facici</strong></span> <span class='ocrx_word' id='word_1_384' title='bbox 479 4379 657 4454; x_wconf 87' lang='lat' dir='ltr'><strong>Christ1,duo</strong></span> <span class='ocrx_word' id='word_1_385' title='bbox 665 4379 712 4438; x_wconf 91' lang='lat' dir='ltr'><strong>do·</strong></span> <span class='ocrx_word' id='word_1_386' title='bbox 895 4381 1035 4455; x_wconf 79' lang='lat' dir='ltr'><strong>transegit</strong></span> <span class='ocrx_word' id='word_1_387' title='bbox 1043 4384 1192 4445; x_wconf 88' lang='lat' dir='ltr'><strong>Dominus.</strong></span> 
     </span>
    </p>
   </div>
   <div class='ocr_carea' id='block_1_6' title="bbox 0 0 1556 5034">
    <p class='ocr_par' dir='ltr' id='par_1_18' title="bbox 0 0 1556 5034">
     <span class='ocr_line' id='line_1_53' title="bbox 0 0 1556 5034; baseline 0 6"><span class='ocrx_word' id='word_1_388' title='bbox 0 0 1556 5034; x_wconf 95' lang='lat' dir='ltr'><strong> </strong></span> 
     </span>
    </p>
   </div>
  </div>
 </body>
</html>
