2974 5040
408 395 446 451 bn
473 398 594 462 salis,
623 397 656 451 lli
685 395 846 452 rlsslutn
875 393 1001 452 lllllllbl.
1081 457 1083 462 ,
1285 399 1328 456 tlt

83 518 181 564 mare
205 503 389 576 mysterium
418 503 468 562 scd
497 501 586 560 solius
610 518 688 562 snm·
743 500 1012 583 crucilugientibus
1029 501 1187 574 discipulis,
1203 508 1231 560 et
1251 505 1329 576 quod

90 577 138 634 mi
165 573 321 634 sacerdotis
345 577 399 634 boe
419 579 481 634 erat
497 573 687 647 privilegium,
743 573 915 630 imbecillius
935 589 1025 644 genus
1046 579 1100 643 est,
1126 573 1237 632 virilius
1260 583 1328 634 tuuc

84 655 125 706 ut
148 664 213 704 cum
235 647 374 719 sanguine
397 645 518 706 intraret
539 647 567 702 in
589 651 688 704 sancta
742 647 892 717 apparuit3
907 661 976 714 ergo
992 647 1128 703 sicutnec
1143 663 1160 704 a
1175 645 1328 712 salute.ita

86 725 275 780 sauctorum.
296 720 363 776 ldeo
382 735 434 776 nec
451 721 546 774 Beate
566 715 686 798 Virgini,
741 733 827 774 neca
845 715 980 799 mysterio
996 716 1097 786 crucis,
1112 735 1164 774 nec
1177 735 1195 776 a
1208 717 1328 777 scientia

88 807 155 850 uec
170 791 288 862 angelo,
303 807 355 848 nec
368 789 416 848 ulli
429 789 540 847 bomini
553 795 644 860 potuit
656 789 687 846 in
743 791 968 846 [insurrectionis
983 791 1169 847 excluduntur
1183 794 1212 848 el
1233 791 1328 862 repel-

86 863 283 936 reparatione
301 861 427 920 bominis
447 877 511 918 esse
529 859 687 918 communis
741 859 840 941 luntur
855 858 997 917 mulieres.
1013 881 1028 912 n
1042 863 1075 916 Et
1089 867 1168 930 nota,
1184 863 1259 933 quod
1275 865 1325 920 Be·

87 933 270 992 auctoritas.
287 936 319 990 ln
333 935 387 990 boe
402 937 498 992 autem
518 931 686 1003 gravissimo
741 935 788 988 ata
801 933 887 1002 Virgo
910 947 969 988 non
993 931 1072 989 stetit
1097 935 1149 990 sub
1164 949 1260 1003 eruce,
1287 935 1324 992 ad

89 1005 213 1079 patitur
230 1003 278 1077 pia
302 1007 402 1075 lllater,
427 1005 495 1076 quia
509 1003 586 1076 qnod
601 1003 686 1062 Filius
740 1001 920 1074 Aquilonem,
935 1003 1093 1074 utquidam
1105 1005 1282 1075 fabulantur,
1298 1011 1327 1062 et

91 1079 167 1148 eius
180 1092 312 1148 corpore,
327 1077 389 1149 ipsa
407 1075 529 1134 sustinet
543 1077 630 1134 corde
646 1093 653 1132 ι
669 1097 684 1128 a
741 1073 816 1130 sicut
830 1075 858 1130 in
872 1073 990 1156 picturis
1004 1077 1119 1146 ponitur
1133 1093 1140 1144 ;
1157 1075 1208 1133 sed
1226 1081 1327 1134 eontra

90 1150 165 1206 baec
183 1149 400 1218 chrysostomus.
418 1149 463 1216 Et,
479 1148 546 1219 quia
559 1149 684 1204 loannes
722 1151 726 1159 '
741 1145 842 1227 facicm
854 1145 969 1202 Frbisui
982 1147 1086 1216 stabat,
1097 1146 1135 1204 ad
1144 1147 1326 1206 Occidentem

91 1219 279 1280 crucifixioni
304 1220 404 1284 astitit,
419 1219 485 1276 ideo
500 1235 535 1276 ea
551 1217 596 1276 die
612 1220 685 1276 Pas·
740 1217 960 1288 aliquantulum,
972 1217 1326 1278 declinanstamenadilu·

94 1292 144 1348 sio
172 1291 329 1350 secundum
354 1290 447 1362 ipsum
473 1289 588 1362 legitur,
619 1289 685 1348 licet
739 1291 1326 1364 strumllonstraturenimotnuncjuxta

89 1363 186 1420 etiam
195 1363 297 1420 merito
309 1369 470 1434 postremus
483 1361 604 1432 legatur,
618 1361 685 1433 quia
740 1367 868 1418 montem
879 1359 1015 1418 Calvariae
1027 1361 1143 1433 quidam
1156 1363 1326 1435 locus,quia

92 1441 265 1508 postremus
279 1433 402 1504 scripsit.
419 1433 525 1490 Omnes
540 1433 637 1504 igitur,
656 1439 685 1490 ot
740 1431 1045 1502 fidelibusveueratur,
1055 1433 1173 1504 ubiipsa
1184 1451 1247 1492 cum
1261 1435 1326 1492 aliis

91 1505 224 1564 manime
244 1505 331 1562 illaria
351 1505 519 1576 Magdalena
538 1521 589 1562 sua
607 1505 684 1561 dile·
740 1503 907 1561 mulieribus
917 1504 997 1575 juxta
1011 1520 1125 1562 crucem
1137 1505 1198 1564 Filii
1214 1507 1256 1564 sni
1269 1511 1326 1564 stc-

91 1583 144 1636 cta
163 1577 619 1660 discipulavebernenterllebant,
631 1593 684 1634 nec
739 1576 785 1644 tit,
811 1573 926 1702 plorans
945 1581 974 1632 et
998 1575 1162 1634 lamentans
1180 1593 1267 1646 euni3
1296 1577 1326 1636 in

91 1649 241 1706 consolari
267 1650 302 1706 de
328 1665 379 1706 sno
394 1649 498 1705 dilecto
520 1647 640 1704 Domino
656 1653 685 1705 et
739 1661 795 1728 quo
821 1663 872 1704 oco
888 1651 932 1702 est
947 1663 1003 1706 una
1019 1649 1128 1720 capella
1144 1653 1225 1706 extra
1238 1649 1327 1706 eccle·

93 1720 238 1792 Magistro
265 1724 408 1792 poterant.
433 1719 685 1791 Compaticbantur
738 1733 809 1776 siam
824 1717 918 1775 Sancti
936 1719 1096 1791 Sepulchri,
1108 1719 1158 1778 sed
1173 1719 1327 1793 coniuncta

92 1791 364 1860 Domino,etetiam
375 1789 684 1849 Dominaeetsibimet-
739 1805 821 1846 muro
841 1789 969 1861 ejusdem
984 1790 1123 1850 ecclesie.

94 1863 180 1936 ipsis.
206 1864 287 1934 Smpe
313 1865 354 1920 eis
375 1863 457 1920 dolor
479 1865 683 1930 renovabatur,
776 1865 809 1918 sd
821 1862 909 1920 lurra
922 1879 1024 1920 ennoea
1036 1882 1067 1920 ar
1082 1882 1134 1920 uos
1146 1883 1231 1924 arnan
1246 1883 1326 1924 nnan-

93 1935 169 2008 quia
185 1951 299 2017 semper
313 1933 411 1992 Passio
430 1931 544 1992 bomini
568 1933 623 2003 sul,
638 1933 683 1991 vel
739 1949 801 1988 nus.
815 1963 851 1976 -
866 1935 925 2001 Sta,
940 1939 970 1990 et
986 1943 1025 2004 tu,
1036 1936 1117 2006 jnxta
1130 1953 1245 1996 crucem
1261 1955 1325 1996 cum

90 2009 124 2064 in
141 2005 284 2074 convitiis,
300 2008 343 2064 rel
359 2006 388 2064 in
407 2005 500 2074 lactis,
514 2005 681 2074 augebatur.
739 2019 784 2072 ea,
806 2009 835 2060 et
863 2003 1019 2063 lamentare
1038 2007 1191 2065 Dominum
1219 2025 1271 2080 pro
1298 2015 1325 2066 te

89 2079 217 2138 Stabant
229 2084 321 2134 nutem
335 2094 425 2135 omues
439 2080 497 2134 noti
511 2077 571 2147 ejus
586 2095 604 2134 a
617 2079 683 2134 ton·
738 2080 893 2132 mortuum.
908 2079 993 2134 Juxta
1003 2093 1115 2134 crucem
1131 2079 1254 2136 libenter
1273 2081 1324 2137 de·

90 2167 141 2220 pe,
157 2155 183 2206 et
198 2151 326 2206 malinas
342 2154 512 2222 quassantes
524 2165 585 2206 eum
605 2153 683 2206 erent
737 2145 838 2204 bemus
857 2153 944 2210 stare.
963 2153 991 2204 ct
1018 2149 1112 2220 potius
1128 2155 1222 2207 mente
1238 2167 1323 2222 quarn

93 2225 113 2278 d
137 2221 267 2288 Galliae,
290 2223 344 2280 lac
367 2222 501 2289 uidentes,
528 2225 557 2280 et
570 2237 588 2278 a
603 2219 683 2278 nullo
738 2233 868 2286 corpore,
889 2219 1021 2277 babendo
1040 2221 1208 2278 memoriam
1223 2223 1324 2280 Salva·

92 2293 326 2352 mansolabantur.
341 2294 488 2365 Oquantae
499 2307 582 2348 voces
593 2297 623 2349 et
635 2292 684 2348 tri·
737 2288 818 2371 toris,
835 2289 990 2348 secundnm
1005 2298 1110 2350 statum
1136 2292 1165 2350 in
1191 2309 1247 2364 quo
1271 2293 1325 2350 luit

96 2370 158 2424 stes
175 2364 543 2422 ululatusibiaudiebantur
557 2365 593 2421 ab
609 2363 681 2420 aml-
737 2377 768 2418 in
784 2377 876 2421 cruce.
898 2361 979 2419 Utilis
992 2363 1068 2420 euim
1085 2363 1166 2422 valde
1182 2371 1225 2422 est
1241 2365 1324 2424 nobis

98 2437 143 2494 cis
156 2435 230 2494 suist
256 2436 336 2504 Quod
350 2443 448 2496 autern
471 2437 598 2494 loannes
612 2433 683 2492 dixit
738 2432 876 2490 memoria
888 2433 963 2492 talis.
978 2435 1018 2492 lbi
1033 2441 1076 2492 est
1087 2435 1170 2494 nobis
1182 2437 1323 2508 retugium

90 2511 183 2578 juata
197 2523 313 2576 crucem,
330 2507 417 2566 etalii
430 2505 618 2588 Evangelistee
633 2507 682 2562 di-
737 2509 837 2562 contra
863 2506 938 2562 mala
960 2506 1062 2580 culpae,
1086 2513 1114 2564 et
1139 2507 1322 2582 refrigerium

94 2585 195 2638 cunta
210 2581 290 2649 loape
304 2581 438 2638 mulieres
453 2583 574 2648 stenae,
591 2577 682 2636 intel·
737 2581 837 2633 contra
850 2577 1025 2649 malapoenae
1038 2597 1045 2648 ;
1056 2577 1095 2637 ibi
1110 2579 1256 2638 erudimur
1269 2579 1326 2637 cir·

91 2651 242 2722 ligandum
252 2651 465 2716 est,secundum
481 2651 681 2720 Aupasttaam,
736 2662 770 2704 ca
784 2647 858 2705 bona
873 2649 984 2720 gratim,
1001 2650 1038 2707 ibi
1060 2651 1221 2708 ostenditur
1238 2652 1322 2710 uobis

115 2721 373 2780 uodeointerrallo
393 2727 474 2780 erant
489 2727 519 2780 ut
536 2739 543 2778 ι
559 2723 682 2792 etjuato
735 2719 782 2774 via
796 2719 832 2776 ad
846 2721 921 2777 bona
933 2720 1042 2794 gloriae.
1059 2725 1138 2780 Bona
1154 2728 1183 2780 et
1207 2723 1322 2781 deside-

116 2795 154 2850 ‘ci
174 2800 304 2866 possent,
319 2793 387 2866 quia
402 2794 431 2850 in
452 2798 605 2866 conspectu
618 2793 681 2866 ejus
736 2791 835 2847 rabilis
850 2797 893 2848 est
907 2793 1009 2850 umbra
1028 2796 1081 2852 sub
1105 2795 1158 2850 alls
1177 2797 1256 2863 lesu,
1271 2793 1320 2853 ubi
1369 2825 1371 2830 ·

96 2871 208 2940 praesto
223 2866 354 2934 aderant,
381 2872 409 2922 et
436 2864 476 2922 sic
490 2881 580 2938 prope
603 2865 680 2936 quod
736 2865 830 2918 tulum
842 2869 886 2920 cst
905 2864 1241 2936 l'ugientibusrelugium,
1254 2883 1320 2938 gra·

95 2939 187 2996 rerba
203 2936 307 2995 Cbristi
323 2936 423 2994 audire
447 2942 600 3009 poterant;
616 2942 645 2992 et
663 2953 682 2994 o
736 2937 796 3014 tum
812 2933 1092 3016 lessisrelrigerium.
1103 2938 1163 2994 Una
1172 2937 1218 2994 ala
1227 2942 1322 3009 potest

94 3011 176 3078 mapa
190 3007 219 3066 in
230 3008 445 3079 comparatione
456 3009 549 3066 turbae
559 3007 681 3080 compri·
736 3003 855 3075 intelligi
868 3007 1042 3077 protecttoiu
1051 3007 1250 3080 prosperitate,
1263 3009 1322 3066 alia

94 3079 211 3150 mentis,
230 3079 473 3162 propinquiusque
491 3079 680 3136 circumstan·
736 3075 874 3148 protectio
887 3077 1320 3148 inadversltate;unaalaetiam

95 3152 144 3220 iis,
156 3167 222 3210 cum
233 3155 405 3210 centurione
417 3157 445 3207 et
456 3150 604 3208 militibus.
619 3150 680 3222 Vel,
737 3152 836 3204 contra
854 3149 930 3206 mala
948 3149 1050 3221 culpae,
1064 3151 1120 3208 alia
1133 3155 1232 3208 contre
1246 3153 1321 3210 mala

94 3229 180 3282 erant
194 3239 212 3278 o
227 3225 316 3292 bopo,
326 3229 455 3295 respectu
467 3221 589 3278 militnm
603 3221 680 3280 Chri·
736 3233 839 3300 pmnae.
854 3221 934 3276 Unde
952 3222 1120 3290 bernardus,
1136 3222 1191 3278 bac
1210 3237 1319 3280 meino-

96 3293 681 3367 stumcrucifigentiumetcustodientinm,
737 3305 781 3346 ria
794 3291 956 3362 absorptus,
969 3291 1028 3348 ait.-
1043 3312 1057 3346 a
1073 3293 1095 3350 Ο
1111 3289 1241 3362 Domine,
1252 3307 1320 3365 quo·

95 3367 148 3424 sed
161 3381 248 3438 prope
259 3365 514 3438 re-pectualiorum
526 3365 681 3424 astantium
736 3377 857 3432 cumque
876 3361 947 3427 iero.
962 3379 1075 3436 semper
1088 3373 1116 3420 te
1131 3363 1161 3420 in
1179 3379 1263 3422 cruce
1275 3364 1320 3422 vi-

98 3445 127 3496 et
141 3437 359 3510 aspicientinm3
375 3437 613 3509 sicergopossunt
624 3436 680 3494 dicl
736 3431 800 3490 deo.
818 3453 833 3484 »
858 3433 1012 3492 Considera
1029 3452 1104 3494 nunc
1119 3433 1241 3506 qualiter
1255 3435 1263 3492 i
1287 3453 1317 3494 se

96 3511 182 3580 louge
196 3515 225 3566 et
244 3525 333 3582 prope
348 3507 470 3579 stetisse,
494 3508 615 3566 dirersis
628 3525 681 3566 re-
735 3503 938 3573 ostermarus,
952 3513 1036 3578 prout
1052 3505 1221 3578 predixerat
1236 3525 1244 3566 ι
1259 3452 1318 3566 iio·

96 3581 249 3653 spectibus.
278 3581 339 3650 Vel,
366 3580 459 3653 primo
481 3586 564 3638 erant
591 3597 680 3653 prope
735 3579 1316 3652 utllopsesesottoott,scilicetsuperpa-

95 3669 222 3722 crucem‚
248 3657 277 3710 et
303 3656 368 3725 post
397 3651 679 3710 commendationem
734 3645 954 3731 luntsetpenle’m
972 3667 1083 3708 tendum
1097 3654 1127 3708 in
1141 3651 1258 3720 deserto,
1272 3655 1318 3708 ito

95 3724 192 3782 llatris
207 3723 351 3790 abierunt,
370 3725 402 3782 ut
421 3739 440 3780 a
462 3723 602 3780 densitate
622 3727 680 3780 tur·
734 3719 866 3789 enoltori,
879 3721 986 3778 scilicet
1000 3721 1030 3779 in
1042 3739 1136 3791 cruce,
1148 3727 1253 3794 oportet
1265 3725 1317 3780 Fi-

97 3797 140 3854 bie
155 3811 187 3854 se
209 3801 353 3865 eruerent,
368 3801 397 3852 et
413 3799 587 3866 ceteraque
604 3795 680 3852 lacta
734 3791 803 3872 llam
814 3791 941 3848 inmotis.
952 3793 1086 3850 llleeniin
1096 3809 1319 3866 serpensaeneus

93 3873 162 3925 sunt
176 3867 289 3940 longius
303 3867 494 3936 intuerentur,
510 3871 541 3924 ut
556 3867 678 3938 Evange·
733 3877 765 3918 in
780 3861 894 3944 deserto
907 3865 1046 3922 exaltatus
1060 3865 1152 3936 figura
1168 3863 1221 3923 luit
1236 3867 1320 3938 hujus

95 3937 179 4008 licta,
196 3939 244 4011 qni
270 3943 335 4011 post
359 3941 481 3996 mortem
495 3935 607 3996 Domini
629 3954 679 3994 eas
733 3932 922 4015 epaltationis.
939 3934 1108 3994 sicutenim
1123 3935 1172 3994 ille
1192 3953 1321 4010 serpen-

95 4017 402 4078 commemorarerunt,
422 4011 550 4080 etlonge
569 4014 679 4066 stantes
734 4009 771 4059 tis
797 4005 912 4086 qualem
936 4006 1151 4065 similitudinem
1180 4009 1318 4078 babebat,

95 4088 363 4140 commemorarent,
378 4081 458 4149 Quod
472 4087 567 4138 autem
580 4081 678 4138 mulie·
733 4081 875 4146 serpentis
889 4081 984 4136 autern
996 4094 1137 4138 rerienum
1152 4096 1209 4138 non
1224 4081 1319 4138 babe-

93 4169 139 4211 res
153 4153 269 4211 stabant
277 4155 360 4226 iuxta
372 4169 486 4211 crucem
500 4154 579 4221 lesu,
595 4152 678 4208 disci·
733 4145 792 4216 bat,
809 4145 878 4230 qula
897 4165 995 4231 eneas
1016 4155 1097 4220 erat;
1127 4149 1169 4210 sic
1190 4151 1320 4210 Cbrlstus

95 4225 169 4298 pulis
184 4225 372 4298 lugientlbus,
388 4226 570 4282 comprendat
585 4223 677 4280 dero·
733 4233 798 4274 cum
826 4235 933 4291 iniquis
954 4221 1117 4294 deputatus,
1134 4228 1163 4280 et
1178 4223 1252 4280 inter
1270 4223 1318 4278 la-

95 4305 152 4354 tam
166 4296 395 4356 constantiamin
405 4296 581 4354 mulieribus.
597 4295 677 4354 Unde
732 4293 831 4373 troneq
839 4307 1004 4374 suspensus,
1020 4294 1116 4350 earnis
1130 4293 1238 4366 peccati
1253 4292 1318 4364 qui·

95 4371 302 4444 dttpsostomas
317 4385 358 4428 so
379 4367 512 4428 Mulieres
524 4366 677 4426 astiterunt
733 4361 798 4420 deni
809 4363 1319 4440 similitudinembabebot,peccatum
