3036 5042
353 459 393 514 bt
421 462 522 516 tilido
550 465 801 529 coustitutum,
830 465 862 518 lt
892 465 1058 518 PASSlONE
1086 463 1226 532 bulliit..
1366 459 1399 514 ti

164 573 225 631 prae
247 561 389 645 angustiis
412 573 627 638 superventura
653 569 753 627 mortis

164 633 258 714 guttas
268 649 441 714 sanguineas
452 640 480 694 in
491 643 597 697 terram
607 641 751 711 tunderet,

163 703 349 782 mirilominus
364 713 459 765 tamen
473 709 564 768 libere
576 711 752 770 voluntatem

162 789 246 831 suam
268 777 405 834 voluntati
430 779 521 838 Patris
547 783 751 854 commisit,et,

163 846 241 928 quod
270 863 313 904 coe
334 855 405 920 erat,
420 851 522 934 devote
550 855 687 938 perlecit3
711 855 753 913 sic

163 917 285 988 quilibet
319 926 418 978 erotus
434 939 465 980 in
481 929 559 982 omni
572 926 753 984 adversitatis

162 999 390 1114 pressuramque
406 995 599 1054 tribulationis
609 998 750 1070 angustia,

176 1066 231 1116 icet
250 1061 323 1119 lorte
338 1069 470 1123 naturam
488 1069 679 1126 reluctantem
695 1071 752 1128 ba-

164 1130 240 1195 beat.
250 1148 279 1189 se
291 1141 418 1208 paternae
434 1139 572 1197 voluntati
581 1141 752 1212 committat,

164 1207 194 1258 et
203 1203 256 1288 hoc
267 1208 343 1276 quod
352 1208 590 1280 occurrit,derote
605 1213 751 1286 suscipiat.

164 1272 245 1360 Opis
257 1278 331 1362 iesu,
342 1282 392 1350 qao·
405 1284 499 1350 foetus
510 1285 541 1339 io
560 1287 671 1352 aposta,
688 1285 754 1342 dum

165 1347 306 1432 protimus
320 1368 422 1423 orares,
438 1359 532 1424 quitos
545 1358 691 1424 souqaiais
704 1359 755 1412 mi-

164 1417 295 1505 rabiliter
317 1424 478 1495 desudasti,
499 1427 537 1482 do
562 1429 632 1482 mibi
656 1433 687 1484 ut
711 1445 754 1484 re·

167 1489 326 1549 cordetenus
339 1502 391 1553 tue
406 1499 548 1554 Passionis
562 1515 701 1569 accessus,
716 1502 756 1556 le

164 1574 497 1641 orpmurumputtas,pro
508 1573 684 1638 sanquinem
695 1587 755 1628 coo·

163 1637 259 1702 spectu
280 1641 326 1692 tuo
347 1655 453 1696 merem
471 1641 590 1698 dulciter
607 1642 753 1700 desudare.

205 1723 235 1759 m
251 1707 308 1765 Cura
325 1711 448 1770 Douruus
462 1729 596 1770 onsvsmr
611 1731 638 1770 m
654 1729 753 1784 aomo,

163 1791 197 1830 m
211 1791 262 1856 uon
274 1797 388 1862 rmrnrei
399 1783 480 1841 vreu‘l
494 1815 528 1827 -
543 1785 662 1856 Respice
678 1802 753 1842 nunc

162 1845 287 1916 qualiter
301 1854 438 1923 Jacebant
459 1855 591 1928 discipuli
606 1856 753 1914 dormien-

162 1923 218 1987 tes,
233 1927 262 1978 et
275 1923 397 1994 qualiter
414 1927 551 1984 Dominus
570 1930 695 1984 ostendit
709 1928 752 1986 eis

163 1996 280 2074 modum
295 1997 395 2078 orandi
414 2001 444 2055 in
467 2009 551 2070 gestu
568 1999 707 2071 corporis,
724 2005 752 2057 et

163 2077 196 2119 sn
208 2065 295 2124 verbo
309 2083 367 2139 pio,
384 2075 412 2126 ct
426 2085 478 2142 per
492 2071 633 2142 Angelum
647 2070 687 2127 ibi
699 2087 750 2144 ap-

163 2145 322 2207 parentem.
331 2140 420 2207 Quem
429 2142 588 2208 modum,et
600 2147 641 2211 tu,
657 2147 754 2200 tenere

57 2243 60 2246 -
164 2205 265 2274 debes,
287 2210 396 2268 scilicet
423 2219 451 2272 te
478 2214 696 2286 prosternendo,
721 2229 754 2271 ac

164 2294 313 2354 proprium
324 2282 467 2342 detectum
477 2291 506 2342 et
516 2284 700 2358 fragilitatem
713 2303 756 2343 re-

165 2355 376 2430 cognoscendo,
396 2364 425 2413 et
442 2357 570 2414 cadendo
596 2357 624 2412 in
651 2357 754 2415 taciem

167 2431 258 2496 tuam,
275 2443 335 2483 non
360 2434 424 2499 post
447 2427 549 2486 taciem
565 2446 571 2485 :
589 2434 620 2486 ut
637 2445 672 2486 ea
690 2445 754 2501 quae

166 2512 253 2569 rogas
272 2513 368 2555 coram
383 2505 411 2556 te
426 2501 544 2569 babeas,
558 2506 587 2557 et
610 2500 640 2557 in
660 2507 754 2559 mente

165 2573 275 2638 teneas,
293 2585 351 2626 non
373 2577 461 2640 retro,
479 2581 510 2629 ut
530 2587 619 2630 unum
637 2589 687 2629 ore
708 2573 753 2629 di-

164 2643 269 2710 ceudo,
287 2645 316 2723 et
338 2643 416 2700 aliud
435 2645 520 2700 corde
539 2643 711 2714 cogitando;
725 2649 754 2702 et

163 2717 196 2768 ut
215 2712 405 2771 humilitatem
422 2715 527 2772 mentis
547 2716 682 2772 ostendas
700 2720 753 2772 lra-

164 2783 227 2840 bitu
241 2785 379 2856 corporis,
396 2802 478 2843 casus
496 2785 571 2844 euim
592 2789 621 2844 in
644 2793 753 2844 terram

163 2855 247 2912 docet
264 2871 317 2911 nos
341 2860 432 2929 magis
446 2857 602 2924 humiliari,
618 2859 641 2914 si
658 2866 754 2928 posset

163 2926 241 2996 lieri3
258 2933 287 2984 et
301 2931 376 2998 quod
392 2930 523 2988 voluntas
534 2930 627 2987 Patris
639 2945 753 3002 semper

164 3001 310 3071 praecedat
322 3017 330 3069 ;
344 3005 373 3056 et
388 3001 465 3072 quod
493 3017 552 3058 nou
575 3001 682 3074 tepide,
703 3001 754 3059 sed

164 3085 232 3126 cum
247 3085 351 3141 magno
364 3071 475 3129 terrore
488 3089 561 3146 ores,
572 3073 646 3130 sicut
661 3073 754 3130 Domi·

165 3143 329 3226 nustiecit3
345 3150 374 3225 et
391 3145 473 3226 ¹quod
491 3160 549 3202 non
573 3159 682 3216 parum,
703 3146 754 3201 sed

166 3214 276 3341 prolixe
291 3220 320 3272 et
333 3215 476 3284 distincte,
491 3233 548 3274 non
563 3216 636 3273 sicut
650 3216 691 3273 illi
705 3215 754 3289 qui

179 3295 338 3344 estinanter
352 3289 439 3344 horas
455 3288 603 3358 solvendo,
618 3290 670 3345 etsi
696 3304 754 3344 non

165 3358 266 3427 verbo,
278 3359 352 3416 lacto
367 3366 462 3416 tamen
478 3359 575 3417 dicunt
590 3377 598 3416 t
618 3361 754 3432 Expedie-

165 3443 231 3484 mus
246 3445 300 3487 nos
314 3431 349 3486 de
361 3429 434 3499 istis,
449 3435 516 3502 quia
529 3433 667 3489 babemus
682 3432 755 3488 iace-

166 3515 199 3556 re
211 3499 270 3558 alia
282 3501 370 3573 magis
384 3502 555 3572 necessaria,
570 3501 652 3575 quasi
672 3501 753 3559 iesti-

164 3577 267 3628 nantes
280 3573 318 3630 ad
332 3572 448 3630 utiliora
461 3580 489 3632 ιι
504 3577 624 3644 majora.
639 3576 675 3630 Et
691 3573 755 3631 side

164 3645 310 3714 quomodo
327 3643 422 3702 statim
441 3647 534 3703 aderit
548 3645 599 3702 tibi
618 3645 754 3717 Angelus,

163 3714 214 3796 qui
233 3720 260 3772 te
275 3717 391 3789 adjuret
403 3721 432 3774 et
444 3723 472 3774 te
487 3717 639 3788 confortet,
653 3723 682 3774 et
693 3733 756 3774 ora-

161 3793 271 3844 tionem
286 3793 365 3845 tuam
380 3789 438 3845 Deo
452 3795 620 3861 praesentet,
636 3797 756 3861 propter

160 3859 324 3941 exemplum
338 3863 416 3916 enim
429 3867 558 3917 nostrum
571 3860 618 3917 ills
629 3860 756 3930 Angelus

161 3935 295 4002 apparuit
304 3931 472 4000 confortans
484 3931 645 3990 Dominum.
654 3933 688 3988 Et
697 3947 754 3988 uon

161 4001 261 4084 semel,
275 4003 325 4060 sed
343 4003 508 4075 frequenter
533 4010 576 4060 est
600 4004 754 4073 orandum,

161 4077 237 4130 sicut
253 4075 313 4147 ipse
328 4074 453 4131 ostendit
477 4074 560 4132 nobis
583 4091 633 4146 per
648 4075 755 4131 trinam

162 4145 324 4228 orationem
336 4162 427 4212 suam,
443 4147 550 4204 docens
564 4151 595 4203 ut
610 4163 668 4203 non
683 4146 754 4203 detl-

163 4231 284 4284 cmmm,
306 4218 357 4274 sed
379 4217 410 4274 in
430 4219 560 4275 oratioue
590 4232 756 4288 permanea-

164 4304 241 4358 mus,
257 4291 348 4346 donec
369 4288 558 4362 impetremus
573 4305 608 4346 ea
622 4305 688 4362 quae
704 4304 755 4361 po·

167 4359 276 4416 stulere
288 4361 349 4432 jam
368 4359 516 4434 coepimus.
534 4363 568 4417 Et
583 4366 625 4431 ιιι,
639 4376 690 4418 ora
702 4375 755 4490 im

168 4429 300 4500 mortuis,
314 4447 365 4504 pro
383 4431 539 4498 virtatem
559 4430 699 4506 peccatori
721 4447 756 4490 us

811 585 897 642 quam
907 565 1004 641 J'ustis.
1020 567 1082 639 Vel,
1097 567 1190 625 oravit
1199 571 1253 632 ter,
1262 571 1294 623 ut
1305 570 1335 624 et
1348 582 1401 624 nos

809 643 845 698 de
874 641 999 712 peccetis
1025 637 1177 712 preteritis
1204 638 1335 708 veniam,
1361 637 1398 694 de

808 711 999 786 presentibus
1011 711 1251 778 emendationem,
1267 715 1295 765 ιι
1308 709 1344 766 de
1358 710 1401 766 iu-

808 783 880 841 turis
907 783 1047 840 cautelam
1073 799 1090 839 a
1116 784 1174 840 lieo
1202 781 1399 854 postulemus;

807 855 864 922 vel,
887 858 918 912 ut
943 856 1004 912 liaeo
1026 853 1091 924 tris,
1116 852 1225 910 scilicet
1246 852 1397 920 :veniam

809 925 931 1000 gratiam
945 931 974 983 et
986 925 1119 998 gloriam,
1130 925 1160 982 in
1174 924 1397 996 orationepeta·

809 1015 884 1066 mus3
901 997 956 1066 vel,
973 1003 1119 1055 utcontra
1139 995 1246 1052 trinam
1263 993 1396 1066 concupi·

808 1069 936 1136 scentiae,
952 1085 1003 1126 seu
1025 1067 1190 1142 cupiditatis
1209 1065 1397 1124 tentationem

809 1140 947 1198 orationis
963 1141 1061 1213 clypeo
1079 1149 1226 1206 tueamur;
1243 1137 1298 1206 vel,
1315 1143 1346 1194 ut
1361 1138 1399 1194 ad

811 1211 989 1280 Trinitatem,
1000 1210 1107 1268 scilicet
1119 1211 1156 1268 ed
1172 1213 1332 1277 Patremet
1357 1207 1403 1265 Fi-

811 1283 891 1353 lium,
903 1291 931 1340 et
941 1283 1077 1356 Spiritum
1092 1285 1227 1340 Sanctum
1241 1280 1402 1338 orationem

812 1355 978 1426 dirigamus.
996 1356 1050 1412 Per
1064 1355 1118 1411 buc
1136 1355 1223 1411 etiem
1237 1349 1334 1408 docuit
1349 1367 1402 1408 nos

811 1443 895 1484 orare
908 1427 1047 1500 perlecte;
1063 1426 1130 1498 quia
1152 1423 1287 1496 perlectio
1309 1422 1401 1479 cousi-

811 1501 860 1555 stit
886 1502 914 1554 in
938 1497 1039 1567 tribus,
1053 1497 1161 1554 scilicet
1175 1514 1182 1552 ε
1197 1496 1227 1552 in
1246 1493 1400 1568 principio,

812 1569 906 1626 medio
918 1575 947 1626 et
956 1570 1029 1644 tine„
1038 1570 1206 1641 Compatere
1221 1581 1294 1624 nuuc
1308 1567 1402 1621 Domi-

812 1657 860 1710 no,
876 1647 904 1698 et
921 1641 1064 1698 admirare
1079 1637 1329 1712 profundissimam
1346 1638 1399 1693 bu·

811 1712 962 1769 militatem
985 1727 1085 1780 suam3
1108 1711 1177 1781 qnia
1196 1709 1315 1766 sumsit
1341 1710 1399 1764 Deo

812 1783 889 1842 Patri
917 1800 969 1840 suo
995 1782 1148 1855 coaequalis
1172 1787 1201 1839 et
1227 1785 1399 1848 coaeternus,

810 1861 971 1929 prostratus
984 1861 1080 1913 tamen
1096 1856 1185 1911 Deum
1198 1858 1272 1916 orat,
1287 1857 1316 1908 et
1330 1856 1402 1908 tana-

812 1943 898 2000 quam
910 1926 1028 1999 quilibet
1039 1926 1074 1983 de
1085 1925 1188 1998 populo
1199 1923 1400 1982 homunculus.

812 2001 901 2056 Orare
916 1998 1032 2081 quidem
1048 2000 1161 2054 Patrem
1176 1994 1309 2053 convenit
1323 1991 1403 2052 Cbri·

812 2077 856 2128 sto
885 2075 996 2126 ratione
1022 2067 1219 2137 humanitatis,
1233 2066 1263 2122 in
1285 2083 1340 2138 qua
1358 2071 1402 2122 est

812 2145 907 2200 minor
922 2143 1019 2209 Patre;
1036 2155 1093 2195 non
1106 2145 1201 2195 eutem
1218 2137 1328 2194 ratione
1343 2136 1403 2193 dei-

811 2214 887 2285 tatis,
897 2214 926 2269 in
937 2227 994 2282 qua
1009 2217 1051 2268 est
1066 2209 1186 2282 aequalis
1198 2211 1276 2265 Patri
1290 2229 1298 2266 ε
1314 2209 1401 2264 homo

811 2295 893 2358 rogat
909 2287 1034 2352 Patrem,
1048 2280 1098 2354 qui
1120 2287 1150 2339 ut
1173 2282 1247 2339 Deus
1267 2287 1310 2339 est
1328 2295 1403 2336 unus

811 2375 874 2415 cum
890 2361 983 2415 Patre.
993 2353 1148 2412 Considera
1159 2353 1246 2410 etiam
1256 2352 1402 2427 perlectis-

811 2430 913 2487 simam
936 2429 997 2486 c'us
1016 2425 1220 2494 obedientiam,
1236 2425 1304 2510 quia
1324 2423 1399 2479 enim

811 2503 896 2559 Pater
913 2505 971 2557 vut
988 2499 1064 2572 quod
1080 2496 1229 2567 moriatur,
1244 2513 1304 2570 ipse
1326 2496 1400 2551 bane

810 2573 1004 2631 obedientiam
1033 2575 1198 2626 reverenter
1227 2566 1346 2640 suscipit
1371 2571 1400 2622 ιι

810 2648 983 2717 exsequitur.
1010 2640 1082 2698 Vide
1109 2640 1193 2698 tertio
1222 2637 1399 2698 indicibilem

810 2717 846 2774 ad
865 2733 917 2772 nos
932 2715 1092 2780 caritatem,
1112 2719 1171 2770 tam
1192 2712 1295 2782 Patris,
1312 2723 1397 2789 quam

811 2787 885 2857 Filii3
925 2804 955 2844 ro
971 2785 1054 2844 nobis
1069 2785 1148 2842 enim
1162 2786 1223 2840 baec
1236 2798 1315 2840 mors
1328 2781 1399 2837 indr-

810 2863 882 2918 citur
896 2804 1009 2916 inrisio
1021 2865 1049 2912 et
1061 2857 1097 2914 ab
1106 2873 1140 2914 eo
1153 2856 1317 2924 sustinetur,
1333 2867 1400 2924 pro-

809 2937 873 3004 pter
888 2931 1005 2988 nimiam
1017 2929 1143 3002 ipsorum
1152 2929 1301 2985 caritatem
1314 2937 1402 2996 quam
1424 2947 1425 2950 ¹

809 3003 846 3060 ad
861 3019 913 3060 nos
926 3004 1043 3060 babent.

848 3079 878 3131 ιδ
895 3077 1003 3131 Vinium
1023 3075 1132 3132 Cunisrr
1146 3088 1178 3128 nr
1196 3075 1397 3129 Arosronoami

809 3162 947 3203 noammo.
972 3177 1003 3187 -
1030 3147 1105 3200 Tunc
1124 3151 1220 3200 autem
1241 3143 1398 3214 posthaec,

811 3217 946 3274 Dominus
972 3218 1057 3272 lesus
1082 3219 1157 3271 uenit
1181 3215 1219 3269 ud
1245 3213 1399 3284 discipulos

809 3303 882 3352 suos,
897 3294 923 3343 et
935 3286 1016 3359 quasi
1030 3285 1204 3357 compatiens
1215 3285 1266 3353 eis,
1280 3287 1399 3358 propter

810 3358 997 3417 tentationem
1011 3359 1045 3414 de
1057 3359 1185 3430 proximo
1197 3358 1237 3413 eis
1249 3353 1401 3412 imminen-

810 3441 879 3501 tem,
889 3432 966 3487 dieit
977 3433 1016 3486 eis
1029 3449 1038 3484 .·
1049 3432 1171 3485 Duretie
1181 3429 1243 3499 jam
1254 3433 1280 3484 ct
1294 3427 1401 3506 requie·

810 3507 887 3560 scite.
902 3501 989 3571 Quasi
1010 3503 1140 3558 diceret:
1160 3504 1263 3557 Parum
1281 3501 1400 3572 potestis

812 3576 915 3633 lacere.
929 3573 981 3642 Qui
994 3573 1101 3631 ibidem
1114 3571 1322 3644 aliquantulum
1337 3569 1402 3626 dor·

812 3649 947 3704 mierunt.
955 3647 1041 3702 Jubet
1052 3661 1100 3702 eos
1110 3643 1236 3701 dormire
1248 3661 1255 3699 ε
1266 3647 1298 3699 ut
1307 3645 1400 3698 osten-

811 3718 860 3775 dat
874 3732 954 3774 suam
967 3717 1004 3773 ad
1016 3732 1066 3774 eos
1079 3715 1315 3787 compassionem,
1331 3711 1400 3784 quia

811 3788 920 3872 gravati
936 3792 1036 3856 eraut;
1048 3792 1076 3844 ιι
1089 3792 1120 3844 ut
1131 3793 1304 3858 cognoscent
1315 3796 1399 3840 suam

810 3860 1017 3927 infirmitatem,
1035 3861 1101 3931 quia
1120 3873 1184 3916 cum
1203 3856 1264 3930 ipso
1279 3855 1399 3934 vigilare

810 3948 868 3989 non
887 3935 1018 4003 poterant
1029 3947 1037 4000 ;
1057 3937 1087 3988 ιι
1105 3935 1136 3988 ut
1153 3945 1253 3986 siimno
1277 3929 1398 3984 recreati

810 4003 908 4075 ingere
919 4007 1034 4076 possent
1047 4005 1081 4058 de
1093 4000 1228 4059 manibus
1240 4013 1340 4056 eorum
1351 3996 1400 4078 qui

812 4074 908 4131 statim
924 4072 1065 4132 Christum
1084 4081 1167 4130 erant
1181 4069 1308 4153 capturi3
1324 4073 1353 4125 et
1370 4081 1401 4148 m

811 4147 905 4218 ligure
927 4145 1004 4218 quod
1029 4146 1057 4202 in
1075 4144 1203 4218 proximo
1223 4139 1400 4220 infidelitatis

811 4233 913 4274 somno
932 4223 1015 4273 erant
1030 4215 1179 4288 marandi.
1196 4212 1353 4272 Considera
1369 4223 1400 4263 m

811 4288 923 4346 Christo
937 4287 1182 4345 mansuetudinem
1194 4284 1280 4356 piam,
1292 4283 1399 4353 quanto

813 4361 888 4418 enim
900 4360 990 4432 inagis
1004 4360 1215 4432 appropinquat
1224 4355 1260 4410 ad
1270 4357 1404 4434 mortem,

812 4437 892 4492 tanto
906 4431 994 4504 magis
1003 4430 1130 4490 ostendit
1139 4426 1235 4485 cordis
1246 4440 1290 4486 sur
1304 4423 1403 4480 dulce·
