3104 5034
200 403 246 456 en
512 397 668 450 secunus
697 394 816 450 rlnrrs
843 393 947 450 etrur
976 401 1114 454 cxxxiv

202 511 308 579 inesse,
328 515 357 566 et
371 511 424 566 hoo
438 506 616 587 differenter,
631 503 785 587 succendam

203 583 341 654 triplicem
363 585 479 640 statum.
494 577 601 635 scilicet
617 593 624 632 :
641 591 785 646 incipien-

203 657 273 711 tium
286 659 314 710 et
325 650 533 725 proficientium
547 654 575 706 et
583 649 784 727 perlectorum.

203 728 284 792 Nam,
300 723 455 781 secundum
469 721 619 791 cujuslibet
631 725 787 800 status'cm·

203 797 338 870 gentiam,
355 793 476 868 Spiritus
489 797 607 850 Sanctus
622 790 786 847 diversimo-

203 870 279 927 dein
295 867 458 924 hominibus
475 869 627 936 operatnr3
645 867 674 918 et
688 877 785 942 secun·

204 935 785 1017 dumhocdiversimodesignapraesentrae

202 1011 290 1069 insius
304 1007 491 1081 accipiuntur.
504 1009 572 1064 Nam
584 1008 705 1077 Spiritus
718 1005 786 1086 San-

201 1073 364 1154 ctusspiret,
373 1077 667 1159 inhahitatetreplet.
680 1077 782 1148 Spirat.

202 1154 296 1226 quoad
315 1150 497 1223 incipientes;
520 1149 671 1214 inhabitat,
691 1147 784 1218 quoad

201 1225 393 1298 proficientem
402 1223 493 1294 replet
505 1219 682 1290 vero,quoad
696 1217 784 1300 pierio-

200 1303 268 1354 etos.
282 1294 472 1368 Signaaulem
487 1291 609 1364 Spiritus
617 1291 713 1372 Sancti
724 1305 784 1359 qur-

199 1370 251 1426 bns
259 1367 356 1440 spirat,
369 1365 485 1430 scilicet¹
497 1365 589 1436 quoad
603 1361 782 1443 incipientes,

200 1440 356 1497 secundum
392 1437 572 1503 Remurium,
586 1439 642 1489 trra
657 1437 731 1488 sunt.
749 1463 784 1474 -

199 1510 337 1580 Primum,
355 1515 398 1567 est
415 1509 497 1565 dolor
514 1506 550 1563 de
569 1505 653 1588 culpa
667 1509 781 1574 praeter·

195 1584 246 1652 ita,
258 1586 324 1656 quia
340 1579 458 1654 Spiritus
470 1581 588 1636 Sanctus
600 1577 661 1633 odit
673 1575 780 1640 sordes,

197 1673 250 1712 nee
272 1654 402 1712 habiture
418 1657 512 1724 potest
538 1654 565 1706 in
581 1664 699 1731 corpore
714 1648 781 1704 suh-

197 1721 782 1802 ditopereatis.-Secundumsrgnumest

196 1803 310 1858 firmum
333 1795 520 1869 propositum,
538 1791 653 1848 cavendi
674 1791 779 1875 sulrrra²

195 1887 258 1930 curn
277 1871 394 1934 effectur
411 1867 486 1938 quod
503 1863 663 1920 nullatenus
681 1863 780 1944 haberi

195 1947 288 2014 potest
313 1947 416 1998 conatu
440 1934 566 2008 proprio,
588 1934 650 1990 sine
674 1935 779 2020 Spiritu

194 2017 297 2075 Sancto
311 2011 497 2087 pergratiam
513 2011 674 2074 assistente,
692 2016 720 2064 et
731 2025 778 2064 m·

192 2087 356 2146 firmitatem
388 2089 514 2140 nostram
547 2081 714 2161 adjuvante.
740 2109 778 2163 ς-

192 2163 318 2218 Tertium
333 2163 376 2214 est
399 2152 592 2227 promptitudo
608 2153 777 2236 bennonis²

190 2233 346 2289 secundum
363 2229 533 2296 (imperium,
554 2239 635 2280 amor
649 2225 709 2291 Der,
728 2239 777 2295 qur

192 2308 235 2361 est
261 2301 382 2374 Spiritus
408 2302 529 2379 Sanctus
552 2309 707 2376 numquam
735 2301 777 2352 est

193 2373 317 2432 otiosus:
328 2378 463 2444 operatur
471 2383 547 2425 emm
557 2382 671 2438 magna,
683 2381 707 2421 s1
721 2373 774 2424 est.

227 2451 243 2500 6
282 2447 355 2502 lanu.
386 2459 475 2504 ouoan
509 2455 708 2496 rnorreranrss.
743 2469 775 2482 -

192 2515 288 2584 Quoad
303 2512 486 2585 proficientes
499 2526 566 2566 vero
577 2509 709 2589 sunttrja
718 2509 776 2567 alia

190 2589 281 2658 signa,
297 2601 329 2641 ex
348 2583 450 2654 quibus
470 2579 621 2651 conjicitur
637 2581 774 2660 Spiritum

189 2660 324 2724 Sanctum
336 2671 386 2711 eos
402 2653 571 2708 inhabitare.
588 2683 622 2733 3-
634 2653 773 2732 Primum,

188 2734 230 2786 est
241 2732 374 2798 t'requens
386 2731 415 2782 el
425 2725 692 2804 justaeonscrentrae
707 2739 773 2780 exa·

188 2800 316 2868 minatio,
332 2814 388 2854 non
402 2799 494 2852 sotum
508 2794 542 2850 de
560 2800 683 2865 peccatis
697 2810 772 2850 mor-

189 2871 304 2938 talibus,
319 2871 377 2926 imo
394 2868 430 2924 de
446 2865 612 2926 venialibus,
634 2865 701 2936 quia
715 2866 772 2923 sic·

189 2949 219 3001 ut
232 2943 352 3016 Spiritus
367 2943 486 2997 Sanctus
501 2937 655 3020 opponitur
670 2955 771 3022 peeca-

189 3023 217 3073 ιο
229 3013 351 3078 mortali,
364 3011 403 3068 ita
418 3011 512 3067 servor
524 3009 659 3076 caritatis,
670 3026 718 3080 qur
729 3015 772 3068 est

189 3102 221 3144 ex
237 3085 341 3157 Spiritu
362 3085 475 3150 Sancto,
491 3081 643 3153 opponitur
655 3088 770 3151 peceato

189 3156 302 3224 veniali,
318 3161 349 3211 nt
364 3158 456 3226 ipsum
480 3153 515 3210 ab
531 3151 625 3234 eninm
639 3153 770 3224 expellat,

189 3245 223 3286 ne
239 3225 353 3300 Spiritui
370 3227 471 3283 Sancto
495 3223 653 3306 displiceat.
670 3254 704 3264 -
720 3225 769 3307 ⁵5³·

185 3301 310 3358 cundum
329 3289 451 3370 iignum,
472 3300 516 3351 est
532 3301 769 3378 concupiscentiae

184 3370 344 3438 diminutio,
361 3375 467 3441 quanto
482 3365 558 3423 enim
573 3365 603 3421 in
620 3365 771 3438 proderen-

187 3451 212 3500 le
226 3442 330 3499 caritas
350 3454 462 3511 semper
476 3443 608 3508 augetur,
624 3442 703 3493 tanto
720 3454 769 3495 cor

185 3531 203 3571 a
218 3511 423 3586 temporalibus
436 3509 595 3579 elongatur.
609 3508 687 3564 Unde
701 3509 770 3590 dicit

186 3586 360 3656 dupustinus
371 3603 379 3639 :
392 3578 769 3662 «eremadmodumcarrta-

191 3655 225 3712 tis
244 3658 445 3716 venenumest
458 3652 686 3732 concupiscentia
700 3656 769 3734 tem·

186 3729 341 3798 poralium;
355 3727 394 3783 sio
411 3723 616 3782 nutrimentum
631 3727 767 3805 caritatis,

184 3795 766 3877 estdiminutiocupiditatum·-Tertium

186 3871 308 3942 signum,
321 3873 363 3924 est
379 3871 577 3924 mandatorum
593 3867 765 3948 observatio,

184 3940 250 4013 quia
260 3939 418 3996 observatio
432 3939 630 3995 mandatorum
643 3953 704 3994 stne
716 3941 765 3995 ἢ·

185 4029 216 4069 ra
227 4009 377 4068 dilectione
389 4025 450 4065 esse
462 4025 517 4065 non
529 4017 621 4082 polest
642 4012 674 4065 Et
687 4013 766 4082 ponit

183 4085 217 4141 de
231 4083 284 4139 huc
299 4081 455 4152 exemplum
472 4078 548 4136 idem
566 4084 739 4149 Aupustiuus
755 4099 762 4138 ι

182 4177 196 4208 a
212 4154 279 4224 Quis
302 4157 355 4220 est,
369 4147 472 4222 iuquit,
516 4150 542 4206 ni
562 4152 631 4207 dicit
647 4170 653 4208 :
672 4152 763 4224 Diligo

179 4230 392 4300 Imperatorem,
413 4221 463 4279 sed
479 4166 526 4278 odi
547 4221 573 4278 le
594 4239 638 4278 em
660 4227 763 4282 suaml

180 4300 208 4358 Si
223 4315 291 4372 ergo
311 4307 337 4355 te
352 4294 422 4352 dicis
437 4293 556 4365 diligere
570 4239 669 4362 licum,
684 4311 763 4379 man·

178 4372 244 4429 data
254 4372 315 4444 ejus
325 4370 464 4428 observa:
479 4389 492 4416 t·
503 4367 564 4424 haee
574 4366 759 4436 Aaoustinus.

878 527 892 576 7
908 507 983 574 iren,
999 524 1090 569 ououn
1105 527 1266 568 renrueros.
1283 516 1435 586 —Quoad
1528 561 1529 574 i

841 576 981 645 perlectos
997 586 1092 650 antem
1108 588 1174 639 sunt
1192 583 1249 640 alia
1268 585 1325 642 tria
1340 586 1436 648 siena·

841 661 874 700 ex
884 647 986 716 tinibus
997 652 1208 722 conjecturatur
1221 655 1345 727 Spiritus
1360 660 1436 716 San-

841 723 902 774 ctus
917 736 966 776 eos
980 721 1142 803 replevisse.
1159 726 1285 783 Primum
1300 730 1437 798 est,diri·

841 805 884 844 nae
905 791 1032 850 veritatis
1052 797 1253 862 manifest-stro,
1270 817 1335 856 cum
1354 802 1436 860 enim

840 860 961 932 Spiritus
974 866 1090 921 Sanetus
1104 871 1140 922 sit
1151 868 1275 938 Spiritus
1289 872 1434 942 veritatis,

841 934 985 1003 proprium
995 942 1039 992 est
1053 937 1107 993 sibi
1119 939 1223 998 docere
1234 959 1351 1000 omnem
1361 945 1433 1001 rcri-

839 1008 944 1074 latem;
961 1013 989 1062 et
1006 1007 1069 1066 ideo
1089 1009 1119 1066 in
1142 1027 1327 1086 quocumque
1344 1016 1435 1073 fuerit

839 1074 962 1146 Spiritus
978 1079 1105 1140 Sanctus.
1121 1096 1174 1152 per
1188 1083 1298 1156 aliquas
1313 1089 1434 1144 revela-

838 1146 931 1204 tiones
946 1147 1106 1208 diviuorum
1120 1165 1296 1212 secretorum
1312 1174 1344 1213 se
1360 1175 1433 1230 pan·

838 1217 889 1286 dit,
915 1225 943 1276 et
966 1219 1006 1276 illi
1031 1228 1179 1296 tamqnam
1200 1226 1292 1284 amico
1316 1236 1433 1288 secreto

837 1291 1037 1349 communicat.
1064 1327 1099 1336 -
1121 1297 1285 1355 Secundum
1312 1303 1431 1372 signum

837 1361 974 1431 estnihil
1000 1366 1100 1423 timere
1126 1367 1178 1424 nisi
1204 1369 1295 1427 sulum
1319 1375 1430 1442 Deum,

834 1437 959 1505 perfecto
974 1435 1051 1493 enim
1068 1443 1173 1494 coritas
1189 1443 1267 1508 (orus
1282 1447 1373 1500 mittit
1392 1449 1429 1501 ti-

836 1522 945 1572 morem,
956 1507 1017 1564 haec
1028 1508 1104 1566 enim
1117 1510 1186 1567 nihil
1196 1513 1310 1584 poenale
1327 1516 1428 1586 habet,

836 1575 922 1633 timor
951 1587 1046 1637 autem
1073 1597 1189 1653 poenam
1219 1585 1321 1654 hubet;
1351 1589 1430 1645 unde

837 1649 986 1720 Apostolus
1003 1668 1009 1707 :
1027 1653 1079 1709 ttot
1096 1656 1220 1726 Spiritus
1240 1659 1362 1727 Domini,
1386 1661 1429 1715 ibi

836 1722 959 1785 libertus,
974 1722 1091 1780 libertas
1105 1732 1202 1782 autem
1216 1743 1273 1784 uon
1288 1735 1346 1786 stat
1361 1747 1426 1788 cum

835 1791 937 1849 timore
951 1794 1056 1850 servili.
1078 1829 1096 1836 -
1116 1797 1242 1854 'tertium
1254 1799 1368 1872 signum
1381 1809 1424 1859 est

834 1863 1008 1920 desiderium
1025 1865 1230 1938 dissolutionis,
1243 1877 1275 1927 ut
1292 1871 1420 1931 videlicet

834 1935 919 1992 homo
942 1953 974 1992 ex
1001 1939 1179 1996 vehementia
1204 1941 1293 1998 divini
1316 1945 1416 2000 amoris

833 2005 928 2076 cupiat
942 2007 1055 2064 dissolvi
1076 2017 1104 2066 et
1122 2027 1185 2068 esse
1211 2030 1275 2070 cum
1298 2015 1417 2082 Christo,

833 2077 899 2150 quia
919 2078 1040 2148 Spiritus
1062 2082 1181 2139 Sanctus
1198 2083 1273 2140 levat
1297 2091 1419 2143 mentem

832 2149 1420 2231 addesidermmsupernorumFelixergo

831 2220 936 2290 anima,
945 2237 1008 2294 quae
1021 2224 1099 2294 cupit
1111 2224 1226 2282 dissolvi
1241 2233 1270 2284 et
1281 2245 1346 2284 esse
1356 2245 1421 2286 cum

832 2292 955 2363 Christo,
972 2294 1105 2364 querulam
1122 2296 1313 2356 certissimum
1333 2301 1422 2358 habet

831 2364 943 2434 signum
963 2365 1040 2436 quod
1065 2367 1186 2439 Spiritus
1208 2371 1329 2428 Sanetus
1355 2388 1420 2429 earn

831 2435 993 2508 repleverit.

865 2513 882 2564 8
902 2509 977 2577 iren,
1006 2526 1096 2571 oooan
1120 2527 1208 2568 onnes
1230 2530 1420 2578 curoscmtuus

829 2597 888 2637 smr
910 2597 1017 2636 scarus.
1033 2612 1068 2623 -·
1085 2581 1194 2639 Praeter
1213 2586 1352 2656 praedicta
1365 2603 1419 2643 au-

828 2657 884 2707 lem
898 2651 981 2720 signa
992 2657 1055 2708 sunt
1070 2652 1128 2710 atie
1142 2657 1267 2727 tria,per
1278 2674 1342 2728 qtrae
1353 2659 1419 2730 quis

827 2728 920 2796 potest
935 2722 1075 2793 conjicere
1085 2741 1116 2780 se
1130 2725 1266 2797 Spiritum
1282 2731 1419 2786 Sanctum

828 2795 944 2860 trabere,
962 2793 1024 2850 ideo
1047 2794 1125 2851 enim
1151 2797 1271 2868 Spiritus
1295 2802 1417 2858 Sanctus

827 2867 854 2921 in
869 2865 971 2937 triplici
985 2865 1066 2936 signo
1080 2867 1222 2938 apparuit,
1237 2870 1345 2928 scilicet
1361 2890 1368 2927 :
1386 2873 1417 2930 iu

827 2940 920 3010 speeie
935 2937 1027 3005 nubis,
1042 2953 1129 3009 super
1143 2939 1285 2997 Christum
1303 2945 1418 3000 transii·

825 3014 976 3080 guratum;
997 3007 1026 3064 in
1047 3007 1141 3090 specie
1158 3015 1308 3084 columbae,
1326 3031 1418 3087 super

826 3079 968 3137 Christum
993 3078 1184 3150 baptizatum
1210 3088 1238 3139 el
1265 3084 1293 3140 iu
1319 3087 1417 3155 specie

826 3150 907 3224 ignis,
932 3165 1017 3222 super
1038 3151 1236 3222 Apostolorum
1261 3156 1414 3229 collegium

825 3229 1041 3295 congregatum.
1068 3253 1094 3262 -
1122 3224 1249 3282 Primum
1272 3244 1340 3300 ergo
1368 3229 1415 3285 si-

824 3311 921 3366 gnum.
946 3299 988 3350 est
1013 3293 1192 3352 abundantia
1211 3299 1414 3370 lacrymarum,

825 3371 853 3422 et
868 3365 932 3423 ideo
945 3367 1077 3491 apparuit
1089 3368 1116 3421 in
1130 3366 1224 3438 speeie
1239 3369 1323 3427 nubis
1335 3388 1343 3426 ε
1355 3375 1413 3428 sic-

824 3444 854 3493 ut
863 3438 976 3504 enim,a
998 3435 1126 3493 veniente
1137 3439 1250 3507 Austro,
1262 3443 1353 3499 nubes
1363 3460 1411 3500 re-

824 3509 982 3574 solvuntur,
997 3506 1025 3562 in
1041 3506 1170 3578 pluvias;
1187 3509 1225 3566 sic
1240 3513 1413 3573 adveniente

824 3579 930 3640 Spiritu
942 3581 1055 3648 Sancto,
1065 3585 1175 3636 mentes
1186 3583 1370 3642 resolvuntur
1381 3587 1411 3643 in

823 3651 969 3722 lacrymas.
991 3679 1021 3690 —
1042 3651 1201 3708 Secundum
1222 3653 1347 3725 signum.
1369 3663 1413 3714 est

822 3722 949 3779 dimissio
966 3720 1147 3792 iniuriarum,
1161 3731 1189 3779 et
1205 3725 1411 3809 ideoapparuit

822 3793 850 3850 in
869 3795 962 3862 specie
990 3793 1127 3849 columbae
1142 3817 1148 3850 :
1166 3798 1239 3850 siun
1258 3814 1335 3854 enim
1357 3817 1411 3856 co-

821 3865 918 3922 lumba
931 3865 994 3921 lelle
1003 3871 1079 3919 carot
1089 3881 1096 3930 ;
1108 3864 1149 3921 sic
1160 3867 1280 3938 Spiritus
1288 3871 1410 3928 Sanctus

820 3947 967 3994 caritatem
981 3935 1008 3991 in
1021 3936 1317 3996 corditmsiniundons
1329 3943 1409 4013 lugat

820 4008 896 4078 odia,
920 4022 1091 4077 omnemque
1111 4024 1260 4066 rancorem
1281 4014 1406 4084 expellit.

818 4080 1408 4149 -l'ertiumsignnm,estdesiderinmsu·

819 4165 982 4235 pernoram,
998 4155 1025 4204 et
1041 4147 1104 4205 ideo
1120 4152 1252 4231 apparuit
1266 4153 1295 4210 iu
1312 4157 1408 4227 specie

818 4223 891 4298 ignis
901 4242 906 4279 :
917 4221 988 4278 sicut
1002 4218 1077 4276 enim
1092 4223 1285 4292 ignrssursum
1298 4228 1405 4300 tendit;

817 4299 858 4352 sic
886 4293 1006 4365 Spiritus
1031 4291 1151 4349 Sanctus
1178 4295 1265 4354 corde
1290 4311 1406 4358 sursum

817 4367 927 4426 elevare
946 4366 1021 4422 laert.
