3124 5038
160 404 208 459 tlt
479 403 639 459 secunus
665 401 786 460 llltlls
810 400 917 459 illut
943 399 1075 457 lxxxll

162 509 748 594 sunttantumhicexpressi,opporuitllo·
776 513 779 573 l
802 513 846 568 tes
878 511 1060 567 remanerent
1089 506 1278 578 humiliores,
1312 511 1411 564 osten·

162 583 270 654 minus;
287 589 316 642 et
330 582 454 641 eomedit
468 597 532 640 cum
547 599 589 640 ers
605 583 747 655 benignus
778 582 779 591 ’
803 583 873 640 dens
888 580 930 638 eis
942 579 970 638 in
985 597 1038 638 suo
1052 580 1282 648 discessu,sicut
1299 579 1413 636 iecerat

162 655 296 729 Magister
323 661 388 712 ente
414 655 570 712 discessum
597 671 691 724 suum,
716 655 747 712 in
777 612 780 699 i
803 659 832 712 et
844 653 873 710 in
889 654 1025 718 adventu,
1041 657 1182 725 quantum
1198 652 1227 710 ei
1250 651 1412 709 humilitas

163 726 275 810 sissnum
291 732 320 786 et
334 726 501 784 memoriale
521 726 651 800 specialis
670 726 746 783 dile·
777 704 779 777 l
803 727 906 799 placet,
918 724 998 796 quasi
1012 739 1074 782 eam
1087 725 1280 797 peculiariter
1295 723 1413 780 eisdem

161 798 263 856 ctronis
278 806 307 856 et
319 797 427 870 gaudii.
439 799 510 866 Quia
527 799 603 856 enim
618 797 746 872 Apostoli
776 784 780 852 l
803 797 1060 865 recommendaret,
1078 803 1109 853 ut
1123 797 1210 852 verba
1225 811 1304 878 quae
1323 809 1414 878 rece-

162 885 222 928 non
237 874 321 930 erant
334 885 399 927 eum
416 869 538 942 amplius
556 871 584 926 in
600 885 685 928 cerne
702 871 745 926 ri·
777 861 779 932 l
803 869 874 926 dens
904 868 1027 938 dicebat,
1048 867 1077 924 in
1102 866 1187 924 corde
1212 870 1414 924 andrentium
1430 893 1433 898 ·

164 941 234 1013 suri,
249 941 314 1000 ideo
327 945 483 1013 antequam
499 943 656 1012 recederet,
670 957 748 998 man·
776 944 779 1014 l
803 941 910 998 arctius
921 939 1272 1012 impresseremanercnt.

163 1012 746 1084 ducavitcumeis,quemedmodumami·
776 1020 780 1043 ⁸
839 1014 1009 1069 obruerem
1034 1027 1187 1068 armonius
1214 1025 1415 1068 ramnrcsrmr

161 1084 186 1141 ci
199 1101 263 1142 cum
280 1085 316 1141 ed
340 1083 462 1141 invicem
486 1101 516 1142 se
538 1084 613 1142 arari
629 1085 745 1152 debent,
776 1112 778 1154 t
803 1099 868 1140 euru
882 1099 1035 1140 cnrurnnn.
1047 1113 1083 1125 -
1096 1086 1211 1210 Etsfost
1221 1079 1416 1154 increpatio·

159 1156 242 1212 simul
254 1156 428 1212 manducant
443 1162 472 1212 et
487 1101 594 1214 otgunt.
609 1155 746 1214 Omnibus
776 1158 778 1193 ¹
803 1158 960 1212 nemistam
973 1153 1136 1211 Dominusa
1158 1155 1314 1210 monendo
1331 1153 1416 1208 dieii

159 1225 246 1300 igitur
259 1228 332 1284 hore
347 1226 432 1284 tertia
441 1226 667 1296 comedentibus,
680 1243 744 1284 cum
776 1246 778 1271 r
802 1229 857 1282 eis:
868 1231 1017 1296 licuisset
1025 1224 1375 1298 continuisprolectibus
1383 1222 1414 1278 in

157 1313 264 1370 magna
278 1297 378 1354 laelitie
395 1297 424 1354 in
444 1299 498 1354 boc
517 1299 616 1356 ultimo
631 1297 745 1356 Domini
776 1296 778 1329 ²
802 1298 985 1370 praedicando
1000 1297 1194 1370 proficientes,
1209 1299 1239 1353 in
1256 1296 1414 1352 mundum

159 1371 204 1428 sui
218 1369 359 1440 convivio,
371 1373 403 1426 ut
416 1385 515 1427 omnes
529 1375 616 1428 testes
638 1373 744 1440 essent,

776 1381 778 1447 ζ
802 1373 971 1434 uniuersum,
987 1385 1045 1424 non
1062 1367 1092 1424 in
1110 1368 1240 1426 tudaeam
1267 1375 1412 1434 tanturm

159 1445 188 1498 et
204 1445 356 1499 narrarent
375 1457 438 1514 qum
458 1441 648 1500 communiter
662 1440 745 1498 vide-
775 1456 777 1487 t
801 1441 950 1513 praedicate
968 1440 1160 1509 Euonpelium,
1200 1439 1256 1496 uod
1280 1453 1414 1496 omnem

803 1511 887 1569 eliam
908 1510 1068 1594 doctrinam
1084 1454 1338 1594 praeceflit,·sicut
1355 1524 1413 1565 ca-

801 1588 853 1712 gut
865 1597 977 1656 corpori
992 1587 1179 1655 praeemrnet:
1197 1599 1279 1711 Ἑιιει,
1298 1597 1412 1638 secun·

158 1517 226 1570 runt
251 1519 280 1570 et
303 1511 467 1583 audierunt,
483 1513 578 1570 sciens
606 1512 745 1570 Dominus

158 1583 241 1642 iesus
255 1589 368 1656 tempus
378 1601 442 1642 esse
456 1589 488 1642 ut
502 1589 697 1642 reverteretur
708 1584 744 1641 ad

159 1671 224 1713 eum
240 1656 287 1730 qui
301 1656 379 1713 misit
395 1656 499 1740 ipsum,
513 1656 671 1729 increpavit
684 1671 745 1726 eos,

161 1731 187 1783 et
202 1727 380 1800 exprobrauit
405 1727 462 1784 ullis
483 1729 704 1784 incredulitatem
718 1743 745 1783 e-

162 1813 249 1866 orum,
266 1813 351 1870 quam
364 1797 443 1870 prius
452 1799 623 1866 habuerunt,
636 1803 669 1854 ut
680 1813 745 1854 sue·

162 1869 276 1926 cederet
286 1867 440 1926 credulitas
450 1885 457 1938 ;
469 1875 495 1925 et
506 1869 642 1926 duritiam
654 1869 745 1927 cordis

162 1939 278 2014 lapidei,
293 1943 325 1998 ut
341 1941 504 1998 succederet
518 1939 548 1997 in
563 1940 605 1998 eis
619 1958 668 1998 cor
683 1957 744 1998 ear·

823 1656 1195 1727 umlnnocmtiumPapam,
1226 1653 1410 1726 vangelium

803 1733 846 1783 est
861 1727 980 1784 verbum
995 1725 1092 1796 Verbi,
1108 1725 1184 1798 quod
1198 1731 1258 1782 erut
1271 1729 1308 1782 in
1321 1727 1411 1798 prin·

803 1799 875 1870 cipio
894 1797 971 1870 opud
993 1801 1094 1866 deum,
1121 1813 1215 1854 sermo
1238 1797 1407 1866 sermonis,

804 1869 851 1954 qui
864 1885 881 1926 a
895 1870 1037 1939 repolibus
1046 1869 1157 1926 sedibus
1171 1871 1261 1937 uenit3
1279 1867 1408 1940 sapien·

802 1945 843 1998 tra
857 1941 1015 2013 sapientiae,
1031 1957 1096 2013 quae
1115 1943 1231 2010 ottinpr't
1244 1958 1262 1996 u
1276 1945 1340 2011 {ine
1357 1953 1407 1994 us-

160 2027 257 2082 neum,
273 2011 392 2070 caritate
405 2013 537 2086 plenum:
555 2017 622 2084 quio
637 2015 681 2069 bis
697 2016 747 2084 qui
775 2002 778 2071 l
804 2029 856 2084 que
870 2015 907 2068 ud
919 2017 1000 2084 {tuem
1012 2015 1133 2081 fortiter,
1149 2018 1175 2068 et
1187 2013 1319 2084 disponit
1339 2027 1405 2066 om-

158 2084 289 2141 uidernnt
303 2101 364 2141 eum
378 2088 564 2141 resurreaetsse
579 2102 596 2141 a
612 2085 743 2156 mortuis,
775 2089 778 2161 l
802 2087 852 2141 nia
868 2088 1024 2140 suaviter...
1046 2085 1203 2150 Predicutc,
1218 2082 1329 2154 inquit,
1347 2085 1406 2142 Ett-

158 2172 213 2213 nnn
227 2158 411 2224 crediderumt,
427 2156 515 2214 nisiet
528 2156 582 2226 ipsi
594 2173 659 2214 eum
673 2156 747 2213 ride·
775 2170 778 2228 ι
804 2158 954 2225 ampelium,
970 2155 1039 2211 nilril
1056 2155 1143 2224 aliud,
1157 2159 1232 2211 ommi
1245 2161 1403 2218 meatum,

160 2232 236 2299 rent,
253 2244 316 2285 eum
341 2228 439 2300 utique
457 2233 523 2310 post
544 2228 745 2285 Resurrectio-
775 2238 777 2278 t
804 2226 893 2284 idest
919 2229 1043 2284 humano
1067 2229 1187 2298 generi:
1204 2242 1256 2283 seu
1274 2225 1402 2282 indiffe-

162 2315 227 2356 nem
238 2316 318 2357 suam
332 2301 514 2372 Evangelrum
527 2299 746 2370 praedicaotibus

163 2370 269 2428 Gentes
285 2371 434 2428 crediturae
449 2377 532 2427 erant
544 2387 609 2428 eum
620 2387 746 2428 resurre-

162 2441 247 2505 xisse,
262 2457 346 2510 quem
358 2459 416 2498 non
429 2441 568 2498 viderant.
578 2445 651 2514 Ergo
665 2442 745 2498 iner-

161 2511 295 2569 eusebilis
325 2511 402 2580 es,si
429 2511 593 2569 testimonio
623 2511 745 2569 ridentis

161 2599 223 2640 rem
240 2583 276 2640 de
290 2598 347 2654 qua
358 2587 490 2650 testetur,
505 2599 562 2638 non
576 2583 742 2640 credideris

161 2653 359 2728 Exprobratio,
375 2657 418 2709 est
432 2652 554 2724 obiectio
570 2655 743 2726 exprobro:

160 2741 228 2798 qum
244 2725 381 2796 probrum
396 2722 459 2794 luit,
475 2725 552 2796 quod
574 2725 662 2782 tantis
678 2725 745 2782 risis

160 2795 338 2868 argumentis
357 2795 595 2866 Resurrectionis,
609 2802 638 2854 et
657 2801 745 2854 tantis

160 2867 265 2926 cuditis
284 2867 373 2940 signis
397 2883 449 2942 per
472 2873 561 2926 testes
580 2869 743 2942 propositis,

160 2955 217 2997 non
244 2941 436 2998 crediderunt.
450 2941 583 3008 Quamvis
603 2942 678 2998 euim
694 2945 744 2998 l’e·

160 3020 220 3068 trus
235 3019 264 3068 et
278 3013 367 3068 lderia
382 3012 561 3084 ldcgdalcna,
577 3020 605 3069 et
628 3013 685 3070 duo
704 3011 744 3070 illi

159 3082 288 3156 discipuli
299 3083 402 3155 quibus
413 3087 441 3139 in
455 3083 501 3140 ria
514 3083 649 3141 Dominus
659 3100 744 3158 appa·

159 3162 266 3224 ruerat,
275 3155 432 3212 certissime
443 3155 662 3228 firmissimeque
672 3171 743 3213 nun·

158 3226 263 3284 tierent
282 3226 346 3284 aliis
371 3226 524 3284 Dominum
544 3230 742 3298 resurrexisse,

155 3315 243 3372 seque
264 3298 344 3355 illum
359 3298 476 3368 vidisse,
491 3299 578 3357 ceteri
597 3305 693 3357 tamen
709 3300 742 3356 il-

157 3369 193 3427 lis
210 3386 269 3428 non
292 3371 457 3428 credebant.
475 3373 551 3428 Hanc
575 3377 669 3429 autem
696 3387 742 3428 ex·

158 3441 371 3514 probrationem
385 3441 507 3498 menime
524 3448 591 3498 tunc
609 3442 743 3500 llominus

158 3513 235 3583 lecit,
250 3527 316 3570 cum
330 3513 366 3570 ed
384 3513 596 3584 praedicandum
612 3529 664 3586 per
677 3514 741 3571 uni-

158 3597 273 3642 uersum
289 3585 424 3642 mundum
442 3584 573 3658 discipuli
591 3587 632 3641 ire
651 3585 743 3643 debe·-

159 3657 238 3724 bant,
254 3657 335 3728 quasi
361 3657 443 3714 daret
468 3655 509 3714 eis
530 3655 699 3728 intelligere,
715 3664 744 3714 et

159 3725 267 3784 diceret
283 3745 290 3784 ι
308 3727 396 3785 liultu
412 3727 502 3802 megia
528 3729 675 3786 debebatis
695 3745 744 3786 vos

161 3797 358 3855 nuntiantibus
384 3801 653 3871 Resurrectionem,
679 3817 743 3859 eam

162 3867 436 3941 credereunthuam
447 3889 492 3928 me
505 3872 649 3940 videretis,
658 3889 743 3956 quam

163 3937 278 4008 Gentes,
291 3955 354 4012 quse
370 3943 487 3999 credent
495 3945 575 4000 vobis
588 3946 745 4017 praedrean-

162 4011 239 4070 tibus
260 4011 454 4082 Evangelium,
475 4019 503 4070 et
527 4031 573 4072 me
596 4033 652 4072 non
667 4018 743 4074 urde-

161 4083 240 4142 bunt.
258 4084 324 4138 Post
338 4083 416 4138 illam
438 4083 543 4156 quippe
557 4088 743 4158 exprobatio-

158 4169 234 4220 nem,
252 4155 321 4212 dixit
337 4157 389 4224 eis,
404 4161 436 4210 ut
454 4155 529 4212 irent
553 4155 582 4212 in
607 4161 743 4216 muudum

159 4227 195 4284 ad
211 4226 433 4299 predicendum.
447 4226 554 4284 idcirco
574 4226 743 4286 etiamtunc

158 4313 208 4356 eus
224 4297 391 4374 increpavit,
407 4314 469 4355 cum
489 4299 675 4372 corporaliter
696 4317 742 4356 re-

161 4370 252 4441 liquit,
270 4381 302 4428 ut
320 4371 461 4435 deiectum
477 4387 558 4428 suum
574 4387 745 4443 cognosceu-

775 2300 777 2339 Ι
803 2303 899 2355 renter
912 2303 940 2354 et
954 2298 1015 2354 sine
1032 2301 1196 2371 acceptioue
1207 2298 1284 2355 omni
1303 2296 1403 2354 bomi-

803 2369 845 2438 ni,
859 2385 974 2442 proquo
985 2370 1059 2426 lacta
1069 2377 1112 2426 est
1127 2371 1220 2426 omnis
1240 2374 1398 2438 creatura;

802 2441 847 2498 vel
866 2441 930 2498 ideo
952 2441 1028 2512 quod
1047 2441 1135 2498 bnbet
1155 2440 1358 2567 perticipium,
1371 2444 1400 2496 et

803 2511 1039 2582 convenientiam,
1056 2528 1108 2568 seu
1136 2511 1244 2584 aiqnid
1259 2527 1398 2568 commu·

802 2601 849 2654 ne,
861 2583 1011 2642 cumomni
1023 2589 1164 2652 creature,
1173 2583 1248 2640 unde
1264 2589 1293 2639 et
1304 2585 1396 2640 bomo

802 2659 1003 2719 microcosmus,
1020 2654 1050 2711 id
1075 2659 1118 2711 est
1142 2657 1237 2710 minor
1262 2653 1397 2712 mundus

802 2727 916 2795 dicitur,
929 2725 1010 2798 quasi
1021 2742 1138 2783 omnem
1151 2732 1315 2782 creaturam
1327 2741 1396 2783 con·

803 2797 906 2854 tineos.
925 2801 978 2853 Per
992 2813 1056 2854 esse
1073 2799 1161 2867 enim,
1175 2801 1309 2854 convenit
1324 2811 1395 2854 eum

802 2868 986 2938 inanimatis3
1002 2885 1053 2942 per
1075 2869 1182 2938 virere,
1197 2883 1262 2925 cum
1277 2875 1394 2942 vegeta·

802 2941 907 2998 bilibus
924 2946 952 2996 et
976 2940 1098 3013 plentis3
1120 2943 1307 3014 persentire,
1325 2955 1392 2998 cum

802 3011 989 3082 aninralibus;
1010 3027 1060 3083 per
1075 3011 1244 3085 intelligere,
1257 3028 1323 3068 cum
1332 3016 1393 3069 An·

802 3084 884 3156 gelis,
902 3084 965 3140 ideo
983 3085 1149 3156 designatur
1163 3084 1278 3140 nomine
1296 3083 1393 3140 omnis

802 3163 951 3212 creaturae.
975 3158 1057 3224 ltem,
1072 3157 1159 3212 bomo
1175 3155 1279 3212 dicitur
1294 3154 1392 3212 omnis

803 3235 943 3296 creatura,
965 3227 1031 3300 qnia
1060 3235 1176 3299 propter
1201 3241 1267 3284 enm
1293 3227 1390 3284 omnis

802 3305 932 3356 creatura
954 3300 1051 3355 mundi
1068 3299 1258 3356 videturesse
1280 3302 1389 3371 produ·

802 3377 858 3440 eta,
873 3385 969 3427 snmus
992 3369 1069 3427 enim
1094 3371 1303 3442 quodammodo
1320 3370 1389 3427 linis

802 3441 1387 3513 omnium.Vel,omnicreaturae,cuipree·

802 3514 953 3571 dicandum
969 3519 1012 3570 est
1020 3531 1028 3583 ;
1045 3519 1074 3570 et
1087 3514 1176 3571 multa
1188 3513 1219 3570 in
1233 3513 1387 3586 scripturis

802 3585 995 3654 inveniuntur,
1013 3586 1115 3658 quibus
1137 3585 1198 3642 nee
1219 3601 1277 3643 une
1291 3587 1386 3642 deter-

802 3656 920 3714 minatio
949 3657 1079 3714 sul'licere
1101 3661 1194 3730 potest
1215 3657 1323 3730 :quale
1343 3663 1386 3713 est

801 3728 871 3786 illud
887 3745 893 3784 :
906 3732 941 3785 Et
955 3745 1012 3799 epo,
1022 3732 1047 3784 si
1061 3730 1201 3785 scultetus
1213 3731 1292 3797 (bero
1303 3745 1320 3784 o
1331 3735 1385 3785 ter·

801 3817 844 3865 ra,
862 3803 955 3857 omnio
978 3802 1088 3857 trabum
1102 3801 1140 3856 od
1154 3803 1297 3872 meipsum,
1313 3799 1386 3857 scili·

802 3877 846 3929 cet
856 3874 952 3928 omnia
964 3873 1120 3941 trahenda;
1134 3877 1163 3928 et
1173 3871 1242 3928 illud
1256 3887 1263 3927 ι
1276 3875 1384 3930 certios

802 3947 893 4000 omniu
913 3945 1009 4008 eredit,
1033 3943 1150 4012 scilicet,
1170 3943 1327 4012 eredenda3
1345 3946 1384 4000 ita

803 4013 905 4072 dicitur
919 4023 947 4072 et
961 4015 1027 4072 alibi
1043 4032 1049 4072 :
1069 4018 1104 4072 Ut
1115 4019 1154 4071 sit
1164 4019 1235 4071 licus
1247 4017 1338 4070 omnio
1353 4019 1382 4070 tu

802 4085 1381 4158 omnibus,idestunicuiquesulficieutia3

802 4163 829 4213 et
845 4157 913 4214 illud
931 4174 938 4214 :
953 4159 1051 4216 Omma
1066 4175 1241 4230 quascumque
1255 4159 1352 4214 oudini
1366 4175 1382 4212 o

801 4231 1031 4300 Putremeo,moto
1040 4233 1094 4300 feci
1102 4231 1190 4296 uobis,
1201 4245 1296 4287 omnre
1306 4227 1382 4285 scili·

801 4307 845 4358 cet
855 4303 891 4358 ad
904 4302 1026 4359 salutem
1038 4307 1067 4358 et
1079 4301 1284 4359 beatitudinem
1299 4299 1383 4373 perti·

803 4373 916 4440 nentie;
933 4379 961 4429 et
974 4373 1015 4432 eie
1027 4373 1056 4429 in
1080 4373 1145 4430 aliis
1167 4388 1218 4429 sno
1232 4373 1316 4428 modo
1335 4385 1381 4429 sc-
