3036 5042
328 389 367 444 Db
396 387 499 443 latito
526 387 770 456 oobltscotto,
802 391 833 443 lit
862 391 1024 444 PlilleNd
1054 392 1187 447 bouill.
1340 398 1370 454 31

142 496 232 555 etsie
257 497 303 554 cla
324 510 373 554 sus
399 495 532 552 monibus
559 495 727 564 tenentium,

140 569 234 626 mdes
246 511 374 642 profugit
382 567 417 624 ob
427 571 476 637 eis,
485 581 607 640 quorum
620 561 728 623 scilicet

141 647 172 698 et
185 641 367 714 presentiam
381 639 576 696 detestabatur
595 642 622 694 et
637 638 727 706 lactat

784 500 901 624 ppropgir
915 512 1112 572 quamcunque
1137 503 1307 590 passionem,
1323 523 1375 590 seu

783 584 856 696 tt
869 575 1376 712 ,tttttttlttllttttttttt

139 729 202 770 non
217 729 235 770 a
248 715 369 770 Domino
395 713 477 784 cujus
498 725 626 768 amorem
642 707 729 766 etisni
781 709 893 784 justitia
910 719 939 768 et
952 713 1067 771 veritos.
1086 718 1119 772 lit
1129 720 1330 777 universaliter
1342 721 1372 778 iii

141 781 730 856 absenscorporsiliumseriiaritinmen·
785 781 865 838 omni
890 789 1007 855 psccato
1022 788 1135 845 mortali
1156 789 1228 861 lngit
1254 793 1374 850 bomne

141 859 183 913 te.
201 855 329 913 Nondum
344 854 459 928 quidem
474 851 558 910 inluii
572 851 602 910 in
617 869 650 910 eo
667 869 729 922 per·

100 980 113 994 ,
141 927 346 996 tacianensis,
366 943 430 998 quse
450 925 527 982 toras
543 923 628 994 niiiit
644 924 729 981 tirno-

140 1014 224 1070 rem3
240 999 291 1056 sed
304 1001 447 1071 protento
458 995 596 1070 plussiiis
608 997 731 1054 desino·

140 1086 175 1127 re
192 1070 326 1128 habuisse
341 1068 464 1138 ridetur,
482 1067 549 1140 quia
574 1066 637 1139 plus
653 1073 730 1125 cete·-

141 1142 186 1199 ris
206 1141 374 1215 Magistrum
398 1157 429 1198 se
451 1141 580 1197 uebatur.
599 1141 631 1196 ln
655 1139 730 1196 lecto

141 1217 239 1272 autem
259 1229 322 1283 suo,
342 1155 499 1271 secunaum
525 1211 638 1280 lisdem,
654 1211 730 1268 desi·

140 1291 212 1358 gnat
229 1285 304 1354 illos,
329 1283 389 1356 qui,
409 1288 442 1352 ut
461 1282 618 1340 securiores
632 1283 669 1340 ab
686 1285 730 1338 in-

141 1357 277 1415 cursibus
296 1356 420 1414 bnstium
442 1356 524 1424 flant,
549 1354 687 1426 quidquid
703 1351 732 1409 in

141 1429 199 1486 hoe
213 1428 319 1486 mundo
344 1427 491 1500 possidere
513 1424 732 1497 videnturebji-

140 1501 233 1570 ciunt,
258 1515 292 1557 ac
310 1498 380 1557 nudi
398 1497 493 1572 potius
511 1499 569 1554 Doo
589 1496 731 1566 famulari,

139 1587 229 1644 quani
242 1571 415 1629 adherendo
431 1569 527 1626 inundi
541 1569 627 1626 robus
643 1573 732 1624 innte-

141 1642 218 1700 riam
233 1642 361 1700 tentandi
377 1648 406 1700 et
418 1657 437 1698 a
451 1643 508 1698 Deo
522 1639 675 1697 revocandi
685 1639 734 1696 ad·

141 1715 278 1772 versariis
304 1716 373 1772 dare
392 1712 551 1770 didicerunt
562 1728 570 1780 i
583 1712 663 1784 juxta
679 1727 733 1768 eii-

140 1787 269 1860 emplum
285 1785 458 1844 Pstriarcbae
467 1785 584 1856 loseph,
598 1782 657 1854 qui,
669 1783 733 1840 roli-

142 1863 192 1914 cto
206 1858 235 1914 in
250 1859 383 1916 manibus
392 1857 529 1914 adnitere
543 1854 638 1927 pullio,
657 1855 733 1911 toras

139 1929 259 1998 exilivit,
273 1931 384 1986 malens
397 1929 493 1984 nudus
509 1929 578 1996 Deo,
591 1941 676 2009 quom
691 1925 735 1982 iii-

141 2002 231 2058 dulos
248 2000 453 2074 cupiditatibus
467 1997 626 2056 meretricis
643 2000 732 2054 serri-

141 2089 187 2130 re.
198 2071 244 2131 Sic
258 2069 621 2154 Pauluspriinusereniita,
633 2070 733 2126 videns

140 2143 217 2201 alios
232 2145 355 2202 delicere
370 2160 400 2199 in
419 2139 567 2215 exquisitis
583 2139 733 2197 tormentis

139 2215 225 2288 fugit,
241 2222 270 2272 et
286 2218 322 2273 ed
334 2213 517 2272 solitudinem
529 2227 559 2270 se
575 2211 731 2268 transtulit.

141 2289 178 2344 Et
192 2293 222 2344 tu
237 2287 330 2344 nudus
343 2287 424 2344 siola
436 2285 473 2342 ad
483 2283 616 2340 reiiilluiii
628 2283 731 2353 crucis,

139 2361 239 2432 potius
255 2373 342 2430 quam
366 2357 472 2414 divitiis
487 2354 631 2417 alliciaris.
646 2359 674 2412 et
686 2355 732 2410 de·

140 2429 261 2488 tinearis
270 2447 288 2487 a
297 2430 413 2511 mundo,
425 2429 579 2500 quominus
588 2425 731 2483 Christum

142 2500 276 2560 imiteris.
291 2501 371 2559 Unde
386 2503 637 2569 sitllieroiipmusi
654 2519 669 2550 ii
679 2497 731 2565 Qui

140 2573 204 2631 vult
222 2574 349 2646 etlugere
372 2585 474 2628 manus
491 2570 668 2642 iniquorum,
685 2585 731 2626 re·

141 2644 278 2717 linquens
297 2651 393 2702 mente
408 2659 472 2717 qun
487 2640 585 2700 mundi
599 2645 674 2710 sunt,
690 2641 731 2698 tu·

139 2715 204 2789 giat
218 2717 398 2789 postlesum.
411 2737 424 2766 b
439 2717 564 2772 ioannes
574 2727 642 2768 iero
652 2727 729 2780 roos,

139 2793 313 2858 recuperato
332 2792 361 2845 et
386 2789 532 2858 resumpto
548 2783 730 2853 vestimento,

140 2859 240 2929 rediit,
260 2867 290 2916 et
308 2857 460 2916 Dominum
477 2865 508 2913 ot
526 2853 604 2928 prius
623 2871 731 2927 seque-

141 2931 237 2988 batur.
254 2929 432 2988 Potuitenim
444 2929 518 2998 llari,
529 2933 560 2984 ut
571 2928 625 2984 sub
644 2926 731 2984 dubie

139 3002 234 3059 noctis
245 3003 307 3060 luce
321 3017 385 3058 sese
399 3000 490 3058 turbis
504 2998 667 3056 ducentium
681 2999 730 3055 le·-

139 3089 218 3143 sum,
233 3075 314 3146 quast
326 3088 400 3130 unus
412 3087 445 3129 eii
456 3068 729 3144 ipsisimniiscuerit,

140 3145 234 3202 donec
249 3145 286 3202 ad
300 3148 404 3202 atrium
439 3141 574 3210 ontificis,
587 3140 631 3196 ciii
646 3145 731 3197 notus

141 3222 218 3286 erat,
231 3217 404 3290 perveniret.
419 3159 455 3272 Yn
481 3229 537 3285 qiio
563 3213 731 3294 crubescere

141 3287 428 3346 debemusrloannes
443 3285 519 3342 enirn
535 3285 649 3342 sudario
661 3299 731 3340 sini·

140 3359 221 3433 plici,
237 3366 265 3418 et
276 3359 354 3417 tenui
364 3364 427 3416 eret
440 3357 663 3430 supervestitum
680 3355 730 3411 sed

141 3447 220 3488 nunc
231 3437 325 3489 restes
338 3429 514 3488 ostendimus
525 3427 554 3484 in
565 3426 690 3499 perticis,
704 3432 732 3484 et

163 3503 320 3560 licemusin
330 3505 437 3576 capsis3
449 3500 571 3557 vestiunt
581 3499 732 3572 deportan-

217 3591 245 3631 m
262 3575 401 3631 habemus
419 3573 601 3637 summarios,
615 3568 732 3641 quadri-

141 3661 196 3718 ges
210 3653 239 3703 et
253 3661 365 3714 currus;
378 3649 406 3701 et
422 3643 507 3701 eliani
522 3657 620 3699 eorum
629 3643 733 3698 caudas

138 3721 206 3791 post
216 3717 592 3788 nostrabimus,relportiire
601 3711 730 3770 lecimus.

179 3807 213 3863 n7
230 3791 360 3857 Qosrooii
374 3803 534 3844 nocuuciira
546 3803 562 3840 s
576 3799 645 3841 snos
658 3787 732 3840 Aro-

140 3877 294 3931 sroconnii,
306 3875 389 3918 scriis
403 3872 634 3915 cosrosnrroiiis
650 3873 682 3912 nr
696 3874 733 3912 o-

141 3949 232 3990 nsrro.
248 3965 284 3974 -
297 3935 335 3989 Es
351 3933 406 3988 boc
422 3929 553 3997 articulo,
572 3927 680 3984 scilicet
694 3929 735 3983 tu·

141 4019 180 4133 fia
199 4003 417 4077 discipulorum,
441 4001 594 4058 trahuntur
611 4004 734 4069 quatuor

162 4081 326 4134 neumenia.
341 4105 374 4117 -
390 4074 516 4130 Primum
533 4075 585 4139 ost,
595 4069 671 4142 quod
684 4085 733 4151 nos

141 4163 308 4217 careamus,
321 4163 358 4204 ne
373 4151 402 4204 et
418 4161 471 4202 nos
485 4157 618 4214 uniquam
630 4156 647 4198 a
657 4141 733 4198 Cliri-

142 4224 198 4290 sto,
223 4219 376 4292 fugiamus.
396 4215 479 4290 Fugit
497 4219 591 4272 autern
614 4211 732 4270 adlici·

142 4297 188 4350 sto
205 4291 253 4365 qui
275 4295 394 4364 propter
411 4289 543 4345 timorem
562 4281 730 4366 humanum,

139 4363 185 4422 rsl
205 4379 240 4422 ex
256 4361 416 4421 tentatione
430 4357 582 4428 diabolica,
599 4357 642 4414 iol
659 4355 731 4414 alias

786 855 856 936 Deo.
875 881 907 898 -
922 857 1084 916 Secundum
1097 867 1151 922 est.
1175 861 1251 932 quod
1275 862 1300 919 si
1321 879 1372 920 nos
1412 884 1417 896 ·

785 925 942 997 aliquando
960 943 992 984 aii
1017 929 1171 1000 fragilitate
1186 932 1222 988 ed
1239 934 1341 991 boram
1355 951 1373 992 ii

786 997 896 1079 Christo
926 999 1095 1058 recedamus
1128 1006 1285 1076 peccando,
1315 1021 1372 1064 non

786 1069 851 1125 ideo
876 1069 1016 1128 debemus
1039 1072 1204 1146 desperare,
1234 1077 1287 1133 sed
1307 1093 1372 1134 cuin

784 1139 926 1223 apostolis
939 1157 1097 1223 resurgere,
1113 1151 1142 1202 et
1161 1161 1213 1230 per
1226 1147 1373 1219 pteniten·

786 1221 855 1268 tiam
863 1223 1038 1294 resipiscere.
1049 1237 1082 1258 -··
1093 1219 1219 1276 tertium
1229 1225 1282 1288 est,
1294 1219 1372 1292 quia,

785 1289 817 1340 ut
831 1285 1036 1366 supradictum
1051 1297 1105 1357 est,
1125 1305 1158 1344 sii
1176 1289 1243 1362 luge
1266 1298 1373 1350 cetero·

786 1370 849 1411 ruiii
859 1355 1063 1428 discipulorum
1077 1360 1195 1418 docetur
1209 1365 1319 1420 cautela
1330 1363 1375 1420 to·

786 1425 1297 1513 gioiidiminusidoneisadtoleranda
1308 1451 1373 1517 sup·

786 1497 871 1624 Elicio
888 1504 916 1554 et
927 1499 1058 1572 adverse,
1074 1509 1189 1560 sioutes
1205 1505 1374 1576 poenitentis

811 1574 864 1626 etri
886 1571 1048 1628 ostenditur
1066 1575 1209 1646 reparatio
1224 1576 1371 1648 lapsorum

786 1639 816 1696 in
833 1641 968 1724 inartprio
1003 1649 1100 1718 roptar
1113 1645 1172 1703 ills.
1185 1669 1220 1690 ..
1230 1649 1371 1716 Quartum

788 1717 840 1794 ost,
855 1729 879 1768 si
892 1719 969 1795 inter
990 1731 1037 1772 uni
1051 1715 1080 1772 bi
1096 1717 1144 1800 qui
1159 1717 1372 1778 ridenturami·

788 1799 814 1866 ⁰¹.
829 1791 930 1854 nostri,
943 1791 972 1842 et
988 1787 1109 1858 proiiinii
1127 1791 1261 1848 recedant
1281 1809 1297 1847 a
1319 1808 1373 1849 no·

787 1857 972 1936 bisntempore
987 1861 1175 1930 necessitatis,
1191 1864 1234 1918 iel
1250 1863 1375 1920 adversi·

788 1931 865 1995 tntis,
882 1930 1082 2000 equanimiter
1096 1934 1295 2004 necteremus,
1313 1951 1373 1993 ins·

789 2014 883 2082 moros
909 2000 985 2082 quod
1011 2003 1138 2074 Apostoli
1150 2011 1375 2065 vrecesserunta

788 2069 910 2139 Christo,
922 2071 966 2127 bis
974 2074 1216 2132 incumbentibus.
1229 2099 1261 2120 ···
1270 2080 1301 2134 ln
1309 2095 1375 2135 con·

788 2140 940 2198 tornando
953 2159 984 2198 ss
994 2143 1040 2200 isti
1048 2146 1167 2202 articulo
1175 2147 1313 2218 recogitet
1325 2150 1375 2206 bn·

789 2227 847 2281 nio,
866 2217 1003 2284 quantum
1029 2231 1058 2298 ⁵⁰.
1080 2217 1290 2288 elongarerits
1314 2223 1373 2278 llao

788 2284 1372 2355 peccando,etruminetilludPsalmistni

789 2356 860 2422 Quin
877 2372 935 2412 ecce
953 2360 1004 2428 qui
1022 2360 1151 2430 elongent
1166 2377 1194 2416 se
1209 2379 1228 2418 o
1242 2367 1277 2430 ts,
1293 2366 1373 2432 peri-

788 2427 875 2495 boam-
889 2429 1041 2500 perdidisti
1063 2447 1154 2488 omnes
1169 2435 1219 2504 qui
1232 2436 1373 2502 forniceo·

787 2503 833 2554 tur
845 2499 895 2555 obs
903 2505 938 2568 tes
949 2502 1116 2582 militantem
1124 2505 1262 2561 odburere
1268 2507 1371 2562 Deobr-

784 2574 1368 2634 comesti-Deindeoretbsnmdicendoi

785 2645 859 2706 Jesu,
876 2645 926 2714 qiii
936 2645 1032 2702 eiectos
1046 2647 1198 2718 discipulos
1209 2655 1270 2704 tons
1282 2661 1372 2705 omnes

785 2729 803 2769 o
822 2719 847 2770 te
859 2717 958 2784 [oque
970 2721 1131 2788 permisisti,
1151 2722 1259 2791 suscipe
1272 2722 1373 2790 sugiti-

784 2801 849 2842 oiim
863 2801 973 2843 seruum
988 2794 1074 2856 tuum,
1088 2793 1114 2845 st
1126 2796 1186 2846 teris
1196 2793 1299 2848 uirtute
1312 2808 1369 2848 oiri·

784 2860 946 2942 utpoteatiae
965 2863 1030 2928 tear,
1052 2877 1101 2946 ries
1119 2865 1197 2919 sinos
1215 2878 1258 2918 iiie
1275 2864 1325 2919 obs
1346 2867 1373 2920 ts

783 2932 1371 3062 ttttttttltttr.tttt⁰.ttttti..

785 3073 887 3128 liniiiiii
909 3090 940 3129 ιτ
963 3091 1069 3132 nonnas
1089 3091 1284 3134 oiseisnnoaoa
1304 3093 1372 3134 ras·

786 3160 880 3224 sensui
895 3147 926 3200 B.
943 3147 1050 3203 llsiita.
1063 3177 1090 3189 -
1107 3148 1229 3206 Attende
1239 3165 1314 3204 nunc
1327 3148 1370 3206 di·

786 3214 917 3284 ligentur,
934 3224 962 3272 et
983 3217 1048 3274 vids
1070 3219 1213 3290 quomodo
1234 3221 1371 3276 Dominus

785 3287 867 3367 tosus
891 3290 997 3370 patitur
1022 3304 1053 3346 se
1072 3289 1134 3362 cepi
1153 3290 1289 3363 attigeri,
1312 3295 1372 3348 ete

787 3355 932 3440 discipulis
948 3359 1116 3416 derelictum
1131 3361 1195 3418 duci
1211 3361 1247 3418 ad
1264 3360 1370 3418 mortis

787 3429 967 3514 supplicium,
983 3447 1017 3488 so
1032 3431 1055 3488 si
1071 3438 1147 3489 esset
1161 3433 1327 3490 malefactor
1340 3438 1371 3490 et

786 3515 905 3557 omuino
924 3511 1067 3574 impotens
1092 3504 1128 3561 ad
1149 3521 1180 3561 se
1210 3505 1371 3562 detenden-

785 3571 864 3655 dum.
880 3573 949 3631 Cuin
963 3581 1070 3647 quanto
1080 3575 1204 3634 clamore
1215 3584 1298 3649 putas
1312 3591 1371 3633 nia·

786 3659 840 3722 iius
854 3659 885 3700 in
900 3661 963 3702 surii
984 3647 1153 3719 injecerunt,
1169 3665 1254 3720 quain
1269 3648 1369 3704 crude·

786 3714 852 3772 liter
863 3733 929 3774 eum
939 3714 1110 3790 ligaverunt,
1121 3735 1206 3792 quani
1215 3719 1276 3776 dire
1287 3721 1371 3776 strin-

787 3792 900 3858 xerunt,
917 3794 945 3846 et
989 3805 1055 3848 uarn
1071 3790 1262 3848 irreverenter
1276 3796 1370 3847 trare-

787 3859 868 3940 runtl
881 3805 1042 3942 'Considera
1057 3863 1143 3944 etiam
1158 3862 1301 3932 quomodo
1325 3861 1370 3918 di·

787 3930 975 4012 scipulissuis
985 3933 1158 4016 fugientibus
1170 3939 1199 3990 et
1210 3933 1372 3990 errantibus

787 4005 1371 4144 titttittittttilti..tttitttt

787 4146 901 4270 girando
915 4147 1040 4218 oportuit
1050 4150 1125 4220 quod
1140 4162 1157 4204 e
1174 4149 1307 4222 lilagistro
1320 4161 1371 4202 suo

788 4216 972 4298 'itectissimo
996 4225 1207 4292 separarentur.
1238 4219 1260 4276 0
1285 4231 1370 4290 quam

786 4287 880 4358 inviti,
895 4309 912 4345 o
927 4305 1013 4361 quani
1029 4291 1134 4360 tristes,
1148 4308 1165 4348 o
1184 4305 1270 4362 quoin
1289 4291 1369 4345 deso·

786 4357 879 4430 lati,o
908 4362 1030 4435 qualiter
1052 4362 1208 4435 plorantes,
1228 4377 1245 4418 o
1269 4359 1386 4432 quales·
