3124 5038
359 357 398 411 llll
426 354 634 412 tscmtstottt
663 355 779 412 potttttt
807 353 926 410 tusttt
954 355 1032 411 Jtsu
1059 354 1193 411 CHRISTI
1346 357 1391 410 tt't

156 466 252 542 cipere
277 464 391 536 poteris.
406 465 463 522 tloc
490 467 586 522 autem
608 465 685 538 quod
705 465 741 524 de

155 539 311 611 Evangelio
332 535 515 611 praedicando
540 535 654 606 dicitur,
670 537 742 596 fieu-

155 611 225 668 dum
241 615 304 668 erat
321 614 385 683 post
407 609 598 680 receptionem
621 615 651 667 et
675 627 744 666 cou-

156 681 350 740 firmationem
361 679 483 753 Spiritus
493 680 745 754 Sancti,quoniam

156 759 222 812 ante
248 769 304 810 non
339 757 429 818 erant,
444 752 600 808 secundum
625 755 746 810 manda-

155 831 216 884 tum
232 824 348 894 Christi,
360 826 396 882 ab
406 825 565 882 Jerusalem
580 823 744 884 discessuri.

157 900 191 955 ln
206 899 261 954 hoc
277 899 363 954 etiam
376 895 452 968 quod
466 896 501 952 de
517 896 668 968 Evangelio
681 914 743 954 om-

157 969 242 1026 nibus
256 967 440 1040 praedicando
454 967 618 1035 mandatur,
629 969 744 1028 ludaeo-

157 1055 223 1098 rum
248 1040 380 1111 abiectio,
396 1043 425 1096 at
446 1039 580 1096 Gentium
596 1041 697 1098 electio
713 1058 744 1098 a·

158 1109 321 1186 pertissime
346 1115 566 1168 monstraretur.
596 1111 648 1180 Qui
676 1128 744 1186 ergo

158 1183 239 1258 prius
254 1181 364 1240 dixerat
383 1199 391 1239 τ
412 1185 444 1240 lrr
460 1185 535 1238 oium
560 1184 687 1242 dentium
711 1201 745 1242 ae

158 1255 297 1320 adimitis,
308 1271 384 1312 nunc
396 1253 464 1311 dicit
475 1271 482 1310 :
492 1255 644 1311 Pradicutc
654 1259 745 1313 Evau-

158 1329 263 1398 petr'um
287 1329 363 1383 omni
386 1331 527 1390 creatura,
546 1325 575 1382 id
598 1331 642 1384 est
666 1328 743 1386 omni

158 1396 287 1456 nationi:
303 1397 395 1471 primo
410 1396 522 1466 Judaeo,
534 1399 659 1456 secundo
672 1400 744 1457 Gen-

158 1469 202 1527 tili
219 1487 226 1526 :
242 1469 309 1542 quia
321 1472 382 1527 uult
400 1483 491 1526 omncs
506 1471 627 1526 domines
653 1474 744 1529 sulcos

158 1545 230 1614 lteri,
243 1547 268 1598 ct
282 1543 320 1598 ad
327 1544 494 1612 upuitiouem
503 1544 631 1599 ueritatis
640 1547 741 1602 uenire.

193 1615 318 1671 diluam
348 1631 430 1670 sucus
448 1631 509 1670 sma
537 1631 608 1684 rica,
621 1631 682 1678 oua
693 1633 743 1673 m·

159 1703 214 1743 usu
226 1703 254 1742 m
269 1703 356 1743 crasa
370 1701 482 1742 osraum
497 1703 592 1744 esaar.
608 1717 641 1730 -
655 1686 741 1744 Dein·

157 1758 194 1816 de
209 1757 329 1816 salutem
341 1757 534 1832 promittendo
549 1759 741 1828 credentibus

156 1837 187 1888 et
202 1829 416 1887 damnationem
432 1829 632 1887 comminando
647 1829 741 1888 incre·

157 1901 244 1972 dulic,
259 1901 404 1975 subjunxit
418 1919 425 1957 ι
440 1903 495 1970 Qui
511 1903 669 1972 crediderit,
685 1901 742 1960 ssde

158 1973 280 2031 formata
294 1979 323 2031 et
333 1989 384 2048 ρει
401 1972 583 2031 dilectionem
594 1981 742 2046 operante,

159 2044 268 2102 scilicet
281 2061 332 2118 per
347 2062 388 2115 se,
403 2051 434 2102 ut
455 2044 484 2102 in
504 2046 619 2116 adultis,
634 2045 678 2102 rel
693 2062 744 2120 ρει

157 2115 302 2190 alium,.ut
326 2117 355 2174 in
375 2117 518 2190 parvulis;
533 2124 559 2174 et
586 2119 743 2188 baptizatus

157 2189 741 2263 tttsrtt,Baptismoequae‚sitleripoterit,

158 2261 253 2318 suiuus
270 2265 333 2326 erit,
349 2265 457 2320 aeterua
479 2262 571 2320 salute
586 2277 603 2319 a
620 2262 743 2335 peccatis

159 2337 188 2390 et
200 2331 293 2405 poenis
308 2333 457 2391 liberante.
473 2336 534 2390 Nun
550 2333 626 2390 enim
638 2333 743 2391 sufficit

159 2403 231 2461 fides
244 2405 349 2476 alisque
365 2403 509 2478 Baptismo
521 2421 573 2478 per
587 2421 673 2478 quem
688 2405 741 2462 ali·

158 2475 222 2548 quis
233 2475 432 2549 incorporatur
447 2476 601 2547 Christo‚si
618 2477 692 2535 adsit
704 2478 743 2536 la-

156 2548 249 2605 cuttas
266 2547 422 2620 recipiendi
440 2547 619 2620 Baptismum
634 2551 671 2607 ab
688 2549 741 2607 ali·

156 2635 223 2748 guo.
237 2618 266 2676 Si
281 2626 376 2677 autem
390 2636 448 2676 non
459 2620 533 2678 adsit
543 2621 673 2692 facultas,
687 2622 743 2678 sul·

178 2691 216 2748 cit
236 2691 391 2763 baptismus
404 2691 564 2764 sanguinis,
578 2699 609 2750 ut
625 2693 654 2750 in
668 2698 741 2752 tlar-

156 2761 276 2836 cyricus,
291 2762 340 2834 oui
360 2779 410 2834 pro
429 2764 541 2822 Christo
560 2764 742 2822 intertlciun-

156 2841 203 2892 tur
212 2840 363 2906 antequam
372 2833 585 2963 sintbasstizatm
596 2838 640 2892 vet
654 2838 742 2908 bapti-

158 2921 235 2963 smus
246 2905 379 2975 ttaminis,
391 2913 421 2964 ut
433 2906 463 2963 in
495 2907 645 2964 abentihus
655 2908 742 2965 tidem

158 2975 271 3047 Christi,
285 2978 514 3036 desiderantibus
527 2979 675 3051 baptizari,
691 2981 741 3037 sed

158 3052 373 3134 praeveniuntur
386 3057 476 3108 morte
489 3057 641 3122 autequam
652 3053 742 3134 possit

158 3123 282 3196 impleri.
300 3123 353 3178 Per
376 3121 449 3179 alios
472 3139 539 3194 ergo
554 3123 664 3194 parvuli
679 3139 740 3180 cre·

160 3194 231 3250 dunt
249 3195 279 3250 in
303 3193 438 3262 Ecclesia,
454 3193 527 3250 sicut
548 3211 580 3250 ει
596 3194 659 3252 aliis
676 3200 741 3252 tra-

157 3267 229 3323 hunt
246 3270 372 3338 peccata,
388 3281 453 3338 que
475 3265 532 3322 iltis
548 3264 577 3322 in
595 3267 740 3339 Baptismo

157 3337 340 3394 remittuntur
354 3337 531 3396 consessione
542 3337 644 3396 aliena.
659 3338 740 3396 Pium

158 3414 201 3466 est
219 3408 306 3480 enim,
326 3415 358 3465 nt
385 3409 414 3466 id
442 3409 517 3482 quod
542 3425 592 3481 per
615 3410 740 3468 alienum

156 3485 303 3554 peccatum
333 3480 506 3550 amiserunt,
533 3497 586 3554 per
615 3483 740 3541 alienum

800 466 922 536 Spiritu,
935 480 990 520 nou
1002 467 1091 535 potest
1105 464 1221 522 introire
1234 465 1265 521 iu
1273 477 1388 534 reorum

800 539 860 602 Dei,
876 535 917 594 sic
932 533 1017 592 debet
1031 534 1152 608 intelligi
1169 553 1176 593 :
1194 533 1242 608 qui
1257 539 1387 593 contem·

800 607 890 738 ρεείιίἰὲ
905 605 1024 691 renasci.
1036 605 1201 736 lltolidautem
1216 621 1386 692 praesumere

801 697 869 823 ,ts
883 693 1386 835 tittttttt,titttttttttt

799 825 881 882 Fides
895 839 971 882 enim
988 826 1048 880 sine
1067 823 1194 896 operibus
1214 825 1387 895 mortuaest,

801 894 874 954 sicut
888 901 916 954 et
931 911 1018 968 opera
1032 893 1094 952 sine
1110 895 1177 952 tide.
1196 895 1277 952 Unde
1291 891 1388 964 (irruo-

800 970 876 1024 rtus:
891 969 1048 1024 «Fortasse
1067 971 1164 1024 autem
1179 965 1388 1054 uuusquisque,

801 1037 1088 1168 atfflldtssfflsslfitsslffl
1116 1037 1193 1168 di'Gat
1220 1056 1227 1096 ι
1254 1041 1390 1168 Efficiam

801 1127 887 1240 llll
901 1127 1043 1266 'istit
1061 1125 1263 1241 tttltttt
1279 1125 1389 1266 dtuli

800 1254 872 1312 fides
887 1259 941 1324 est,
958 1271 1021 1327 quae
1035 1271 1066 1312 in
1080 1253 1135 1312 hoc
1150 1253 1226 1326 quod
1238 1253 1332 1312 verbis
1346 1251 1388 1310 clr-

800 1326 847 1394 cit,
865 1327 993 1386 moribus
1011 1343 1068 1384 non
1086 1325 1273 1396 contradicit;
1291 1327 1320 1384 ct
1338 1324 1386 1382 illc

800 1397 952 1456 salubriter
980 1396 1081 1466 credit,
1104 1397 1152 1470 qui
1182 1402 1295 1455 exercet
1321 1411 1387 1468 ope·

798 1471 889 1527 raudo
911 1470 987 1542 quod
1008 1468 1107 1528 credit.
1125 1489 1140 1523 u
1160 1469 1241 1526 Unde
1255 1473 1284 1526 et
1300 1467 1385 1526 Jaco-

799 1543 875 1599 bus:
901 1541 975 1609 Ouid
999 1541 1132 1612 proderit,
1153 1541 1258 1608 tratres
1276 1541 1340 1608 mei,
1360 1541 1387 1596 si

798 1615 880 1684 pduu
894 1617 957 1685 puis
971 1613 1048 1669 dicut
1062 1629 1090 1669 se
1106 1611 1214 1682 tatus,
1228 1628 1311 1684 opera
1326 1626 1384 1668 uu·-

799 1691 852 1742 tem
878 1701 933 1742 riou
958 1685 1096 1741 ludebat?
1124 1683 1268 1756 Numquid
1283 1682 1385 1755 poterit

797 1758 865 1828 tides
883 1759 993 1814 saluere
1011 1759 1128 1814 euml...
1144 1757 1222 1814 Sicut
1239 1757 1311 1812 euim
1325 1771 1385 1812 cor·

798 1846 850 1901 pus
864 1833 924 1886 ciue
937 1831 1040 1902 spiritu
1052 1834 1190 1886 mortuum
1200 1833 1251 1894 est,
1262 1829 1304 1886 itu
1318 1825 1386 1902 tides

799 1905 859 1958 siue
873 1903 1001 1974 operibus
1014 1907 1122 1958 mortua
1136 1906 1187 1958 est.

834 1975 947 2042 tSuuus
966 1987 1179 2032 cunimundus
1195 1988 1228 2030 ar
1241 1987 1385 2030 mancum-

798 2063 850 2104 sus
867 2061 1008 2102 esomssa.
1024 2073 1059 2086 -
1079 2043 1188 2102 Deinde
1202 2043 1288 2102 etiam
1304 2047 1386 2116 sigma

799 2133 850 2193 pro
868 2118 935 2174 lrdei
949 2119 1179 2189 augmentatione
1193 2116 1385 2174 etcontirma·

799 2191 875 2247 tione
903 2189 1095 2262 promittendo
1123 2187 1278 2261 adiungit:
1296 2189 1385 2258 scona

799 2267 890 2319 eutem
900 2277 943 2318 eos
956 2263 1006 2333 qui
1013 2260 1193 2322 crediderent.
1205 2262 1261 2316 tec
1270 2275 1384 2332 requen-

799 2339 855 2398 tur.
873 2341 990 2406 propter
1005 2331 1140 2391 meritum
1154 2331 1233 2402 fidei,
1245 2349 1295 2390 suc
1311 2337 1383 2390 tem·

798 2421 879 2480 pore,
887 2409 988 2463 etcum
999 2403 1029 2462 id
1042 2404 1128 2462 luerit
1141 2406 1382 2462 necessariumla

798 2481 907 2536 nomme
919 2493 987 2542 meo,
1003 2475 1136 2534 invocato
1150 2477 1339 2548 studueram,
1352 2474 1383 2534 id

799 2554 842 2606 est
856 2549 885 2606 in
897 2549 1002 2606 virtute
1019 2547 1142 2606 nominis
1161 2547 1229 2618 mei,
1245 2549 1380 2606 damonia

799 2622 918 2693 ejicient,
933 2621 1010 2694 quod
1023 2621 1058 2678 de
1071 2619 1166 2678 multis
1181 2621 1310 2704 legimus,
1319 2621 1381 2692 qui·

798 2694 851 2751 bus
861 2693 999 2750 immundi
1009 2691 1126 2766 spiritus
1136 2692 1384 2761 obediebanmtia·

798 2767 1031 2892 luzstwssffissw
1046 2767 1134 2890 reficis,
1151 2766 1206 2892 ΙιοΑε
1220 2764 1325 2892 facttum
1340 2767 1386 2892 egtt

799 2853 828 2893 ιιι
874 2851 899 2892 ιε
947 2851 1105 2892 enecoses
1124 2851 1153 2891 in
1224 2851 1321 2892 oscis

799 2907 862 2966 aliis
872 2907 1054 2964 credentibus
1065 2924 1073 2976 ;
1086 2851 1224 2978 cerpcmg
1238 2877 1344 2974 tuliani,
1355 2906 1384 2964 id

799 2989 842 3036 est
856 2979 986 3036 auferent
1004 2977 1049 3034 vcl
1067 2977 1243 3050 dispergant,
1256 2979 1336 3050 quod
1350 2981 1385 3036 de

798 3051 931 3124 Apostolo
955 3050 1041 3107 Paulo
1060 3055 1157 3123 patet,
1172 3058 1199 3107 ct
1218 3054 1245 3108 si
1262 3052 1384 3119 mortita-

797 3141 859 3180 rum
882 3124 952 3194 quid
976 3123 1106 3190 biberint,
1125 3139 1180 3178 nun
1201 3125 1240 3180 eia
1265 3123 1382 3186 nocebit,

818 3195 873 3252 uod
895 3195 930 3252 de
943 3197 1054 3252 toanne
1075 3193 1257 3266 Evangelista
1275 3194 1382 3252 lactum

797 3211 850 3395 it
1081 3269 1382 3395 umerum

815 3355 862 3395 ene
931 3355 1023 3402 cue,
1056 3353 1092 3395 uo
1153 3353 1268 3394 rammu
1355 3355 1382 3394 e-

797 3411 838 3468 les
849 3411 987 3468 lecerunt.
999 3352 1101 3468 Onctlnia
1116 3408 1192 3467 enim
1207 3410 1268 3468 haec
1281 3409 1310 3466 in
1326 3408 1382 3483 pri·

797 3482 895 3541 mitiva
910 3481 1044 3556 Ecclesia,
1056 3497 1113 3539 non
1127 3483 1219 3538 solum
1231 3481 1380 3610 Apostolos

156 3554 301 3623 auxilium,
316 3557 346 3609 ut
365 3553 495 3610 Ecclesiae
508 3559 536 3610 et
551 3553 740 3627 patrinorum,
797 3560 825 3612 et
839 3555 910 3613 alios
925 3556 1059 3628 maJ'ores,
1075 3553 1125 3611 sed
1145 3552 1231 3610 etiam
1258 3568 1381 3627 requen-

158 3625 186 3680 in
205 3623 308 3698 quibua
322 3625 437 3682 credere
454 3623 597 3686 dicuntur.
614 3641 741 3700 recupe-
796 3632 841 3685 ter
854 3628 926 3685 alios
945 3625 1088 3710 simplices
1108 3623 1257 3683 credentes
1279 3623 1380 3683 iecisse

157 3709 221 3754 rare
234 3703 263 3754 et
275 3695 401 3769 recipere
417 3695 537 3770 possint.
552 3697 606 3764 Qui
612 3713 674 3755 uero
687 3715 741 3754 uon

797 3699 928 3774 legimus,
938 3713 991 3771 pro
1000 3697 1164 3755 mlldelibua
1172 3695 1380 3768 convertendis,

157 3769 314 3833 crediderit,
329 3783 381 3842 per
394 3783 436 3838 se,
450 3768 492 3824 vel
504 3768 664 3840 paralium,
678 3786 740 3826 ccu-
796 3779 825 3828 et
839 3776 870 3830 ut
895 3770 967 3828 tides
985 3769 1161 3827 credentium
1180 3773 1334 3839 cresceret,
1348 3783 1382 3827 ac

156 3837 341 3922 deoperitur,
357 3845 471 3922 aetcma¹
481 3840 674 3911 damnatione,
690 3857 742 3913 per
797 3843 956 3900 nutriretur
979 3846 1008 3898 et
1036 3841 1200 3899 firmaretur
1226 3841 1382 3912 miraculis,

156 3916 289 3968 meritum
316 3911 438 3984 justitia
463 3911 644 3970 infidelitatis
672 3925 740 3971 suae,
797 3929 855 3986 qua
870 3929 946 3970 nunc
965 3911 1093 3970 radicata
1110 3917 1139 3970 et
1152 3921 1246 3984 aucta,
1262 3929 1321 3971 non
1342 3913 1383 3970 aic

156 3983 215 4039 lton
231 3984 270 4040 ait
286 3999 294 4040 ι
315 3983 363 4055 qui
385 3984 541 4066 baptizatos
564 3999 622 4040 non
646 3984 739 4053 luerit,
798 3983 989 4042 necessarium
1004 3989 1092 4042 estes
1104 3984 1177 4056 llari,
1191 3985 1264 4042 sicut
1278 3985 1383 4058 passim

156 4053 225 4126 quia
237 4069 288 4127 per
304 4054 388 4110 tutcm
404 4071 466 4111 stne
483 4055 639 4124 Baptismo,
653 4057 742 4113 salva·
798 4062 864 4114 tunc
878 4057 996 4124 flebant,
1012 4058 1078 4129 quia
1095 4055 1201 4114 suitleit
1215 4073 1250 4114 ea
1263 4071 1328 4129 qua
1341 4057 1383 4114 la·

157 4133 203 4182 tur
215 4127 384 4194 homo,cum
397 4143 464 4184 eum
474 4127 598 4184 excludit
607 4127 742 4184 articulus
798 4135 844 4185 cta
857 4133 922 4184 suut
936 4129 1116 4186 solummodo
1132 4131 1262 4202 legereet
1272 4128 1382 4196 audire,

158 4196 347 4266 necessitatis,
364 4213 421 4254 non
437 4205 616 4272 contemptus
631 4200 743 4270 religio·
799 4215 832 4258 ae
847 4203 888 4257 eis
903 4200 990 4258 tidem
1002 4201 1150 4260 adhihere.
1168 4201 1197 4259 Si
1212 4215 1279 4272 ergo
1299 4211 1382 4270 que·-

156 4269 211 4326 nis.
222 4269 302 4326 Unde
313 4268 504 4341 quoddictum
515 4277 556 4328 est
567 4271 741 4328 Nicodemo:
799 4277 891 4342 ratur,
912 4287 1001 4344 quaro
1016 4275 1219 4346 predicatores
1239 4275 1266 4327 et
1283 4269 1381 4326 tldetes

157 4337 220 4400 Ntst
237 4343 301 4412 quir
323 4343 436 4396 rsuutur
459 4343 545 4410 ruerit
565 4357 599 4399 cu
622 4347 744 4414 aquosi
799 4345 928 4402 moderni
954 4343 1023 4402 tatia
1052 4343 1136 4416 signa
1162 4356 1220 4398 non
1249 4339 1383 4398 tactunt‘t
