3036 5042
428 429 588 484 saturnu
615 429 737 486 itatis
764 427 867 482 citur
895 426 951 480 bix

576 757 715 831 CAPUT
728 757 802 829 LlX

316 1013 354 1058 ns
369 1011 458 1057 estun
475 1009 690 1064 coaeternam,
707 1009 738 1054 nt
756 1009 898 1055 rissionn
913 1010 1028 1057 uotum.

75 1196 199 1254 llattbtei
215 1214 276 1273 cap.
292 1200 386 1268 xxvi,
401 1201 487 1257 Marci
505 1214 567 1271 cap.
584 1197 655 1266 lllll,
670 1196 752 1252 Lucis
762 1211 823 1269 cap.
840 1198 910 1255 llllll
934 1205 960 1255 et
979 1200 1099 1257 loannis
1118 1216 1181 1275 cop.
1203 1202 1297 1258 lllllll.

111 1435 122 1471 ι
138 1415 271 1473 Carisius
296 1433 393 1474 turnis
417 1435 515 1475 vium
531 1417 661 1475 Gerasa-

75 1501 151 1554 iiaru,
170 1505 359 1570 nouossiinuii.
377 1520 410 1531 -
426 1491 584 1547 lleassume
607 1487 661 1570 igi-

74 1561 120 1614 tur
137 1574 154 1614 a
172 1559 311 1633 principio
331 1559 479 1618 Passionis
496 1563 660 1618 meditatio·

76 1644 127 1684 nes
142 1631 221 1700 istas,
235 1639 263 1686 et
276 1648 446 1704 prosequere
458 1649 508 1689 eas
522 1648 573 1702 per
588 1630 660 1688 ordi·

74 1715 139 1756 nem
158 1717 248 1774 usqne
267 1703 303 1760 ad
318 1703 424 1774 ssoem;
445 1710 473 1762 et
491 1703 606 1761 attende
624 1702 661 1759 ad

76 1770 188 1842 singula
198 1789 231 1830 ac
244 1773 267 1830 si
280 1791 407 1846 praesens
422 1791 507 1833 esses.
523 1774 661 1846 conspice

76 1844 171 1916 itaque
185 1845 338 1903 Dominum
352 1849 450 1904 lesuin
462 1852 583 1908 attente.
596 1860 659 1902 cum

76 1929 187 1972 acoeiia
207 1919 304 1974 exiens
328 1920 399 1974 bora
418 1916 611 1988 Complatorii,
632 1917 661 1972 in

75 1986 189 2044 hortum
204 2004 267 2044 cum
283 1989 427 2062 discipulis
441 1989 502 2046 suis
517 1987 605 2054 vadit,
620 1989 661 2045 ul·

77 2058 146 2125 p'nio
159 2075 233 2114 nunc
247 2061 283 2118 ab
294 2062 334 2117 eis
345 2061 529 2118 associandus
539 2060 659 2128 itinere;

77 2131 218 2200 quomodo
231 2132 396 2202 affectuose,
415 2133 559 2190 socialiter
571 2147 604 2188 ac
619 2132 660 2188 la·

77 2200 227 2284 miliariter
241 2203 283 2260 eis
295 2204 430 2277 loquitur,
441 2213 469 2262 et
483 2220 533 2262 eos
549 2205 585 2261 ad
599 2220 661 2260 ora·

77 2277 182 2330 tionem
197 2275 330 2333 bortatur
350 2279 660 2333 Tuncueiii'tlesusiaim

78 2345 138 2400 illis
153 2350 181 2402 iii
193 2349 372 2418 uitiumque
386 2349 490 2404 dicitur
503 2348 659 2404 detbsema·

78 2419 123 2480 iii,
139 2421 164 2472 cl
179 2434 242 2474 cum
259 2418 394 2476 intrasset
411 2423 438 2475 in
453 2421 570 2474 bortum
586 2419 662 2473 dicit

78 2487 225 2558 discipulis
237 2493 316 2552 suia:
332 2492 427 2548 Sedete
438 2493 490 2552 bio,
507 2488 537 2544 id
552 2493 594 2545 est
608 2505 661 2545 eii-

79 2564 215 2631 spectate,
227 2576 284 2616 non
294 2561 475 2630 moveamini,
485 2560 614 2618 sicutnec
624 2561 662 2616 lo·

80 2645 123 2700 co,
139 2629 179 2686 ita
197 2647 249 2687 nec
268 2637 373 2700 mente,
389 2634 472 2689 dorice
483 2633 583 2688 undam
596 2633 662 2687 i'lliic

79 2707 105 2758 et
119 2717 210 2768 creme
227 2707 255 2759 et
271 2717 320 2759 ios
333 2704 419 2760 etiam
432 2709 518 2772 orate,
532 2720 566 2759 iie
580 2707 663 2759 intre

79 2777 157 2830 ticin
176 2777 363 2838 tentationem.
377 2790 428 2848 per
440 2791 619 2844 consensum,
635 2781 664 2831 et

80 2843 120 2900 sic
143 2846 334 2904 succumbatis
362 2846 522 2904 tentationi.
549 2847 601 2904 Ubi
623 2849 664 2903 ait

80 2919 275 2986 Hieronymus:
289 2939 302 2970 (l
316 2919 490 2991 Separantur
512 2917 540 2975 io
555 2919 663 2975 oratio·

79 2991 182 3060 ne,qui
195 2997 363 3059 separantur
378 2994 404 3046 in
421 2989 562 3047 Passione.
582 3011 596 3040 ii
611 2988 662 3046 Ubi

79 3065 108 3116 et
121 3061 347 3129 ciipsostomui:
364 3081 378 3116 u
392 3061 574 3118 Consuetudo
586 3065 662 3118 enim

79 3129 104 3188 ei
119 3140 182 3188 erat
197 3130 256 3188 sine
274 3136 316 3189 els
335 3149 430 3202 orare,
441 3136 494 3190 boc
508 3143 603 3191 autem
620 3133 660 3188 la-

79 3201 181 3270 ciebat‚
200 3203 334 3263 erudiens
358 3221 410 3262 nos
431 3204 461 3261 in
482 3203 662 3262 orationibus

80 3274 662 3349 quietem'constitueronobisipsisctsoli·

79 3345 660 3421 tudinemmnlianiqoaerere.«Ubietiam

26 3435 29 3442 ’
81 3417 222 3486 cyrillus:
241 3445 254 3470 u
271 3421 407 3477 Sernotim
423 3425 496 3488 orat,
522 3425 554 3476 ut
567 3419 661 3476 discas

80 3489 155 3562 quod
170 3489 266 3547 animo
286 3497 394 3548 attento
418 3497 446 3547 et
464 3491 548 3547 corde
565 3489 660 3562 quieto

79 3560 298 3634 colloquendum
314 3567 432 3619 estcum
449 3564 504 3619 Deo
513 3559 660 3619 sublimi.»

80 3633 145 3688 llaec
159 3639 254 3688 antem
269 3632 338 3690 dixit
350 3639 412 3690 octo
429 3633 582 3706 Apostolis‚
596 3631 660 3704 quia

79 3703 168 3760 ludas
190 3704 228 3760 ibi
254 3721 313 3762 non
328 3711 413 3773 erat;
437 3713 466 3762 et
484 3711 542 3760 tres
566 3719 661 3761 secum

78 3774 168 3844 duxit,
188 3775 312 3834 scilicet:
340 3777 466 3846 Petrum,
480 3777 618 3834 iacobum
634 3781 663 3831 et

76 3849 226 3904 loannem.
244 3849 298 3905 Per
312 3849 367 3904 hoc
383 3850 458 3931 quod
474 3847 606 3907 Christus
616 3863 663 3904 iio·

77 3918 139 3975 lens
154 3933 248 3989 orare,
262 3927 417 3992 assumpsit
434 3921 563 3990 Petrum,
578 3922 662 3977 Jaco-

84 3991 151 4046 bum
163 3993 349 4060 etloanncm‚
363 3992 588 4064 docetnosquod
601 4006 662 4048 om·

80 4063 125 4118 nis
141 4065 238 4118 volens
253 4063 353 4119 devote
365 4079 459 4132 orare,
476 4063 560 4120 debet
574 4063 662 4119 babe-

80 4149 110 4190 re
121 4137 178 4190 tres
189 4133 317 4198 comites,
330 4133 454 4192 scilicet:
469 4134 535 4190 tldei
548 4135 665 4190 llrmlta-

81 4212 149 4274 tem,
165 4205 343 4278 designatam
359 4205 386 4262 in
403 4207 497 4272 Petro,
514 4205 561 4278 qui
576 4205 663 4261 inter·

79 4283 207 4349 pretatur
230 4293 393 4347 opoosceiis3
417 4283 446 4334 et
467 4277 665 4350 temporalium

77 4347 298 4418 abdicationem,
309 4349 527 4421 casubpedibus
539 4365 589 4422 per
597 4365 665 4405 con·

79 4425 215 4493 temptum
231 4419 375 4494 ponendo,
395 4426 423 4478 et
443 4421 512 4478 niliil
530 4421 565 4478 de
592 4425 664 4477 tem-

718 1415 863 1489 poralibus
882 1417 949 1475 dum
963 1423 1027 1474 orat
1055 1417 1219 1490 cogitando,
1246 1418 1301 1476 boc

718 1487 884 1559 designatur
894 1491 921 1546 in
932 1490 1050 1558 lacobo,
1061 1489 1109 1562 qui
1124 1489 1228 1547 dicitur
1237 1505 1301 1561 sup·

717 1560 860 1630 plantator
873 1578 880 1629 ;
892 1577 924 1618 ac
939 1577 1046 1634 ponere
1061 1578 1091 1617 se
1104 1564 1132 1616 in
1145 1565 1221 1618 statu
1234 1577 1300 1632 gra-

718 1629 776 1698 tiae,
790 1637 819 1689 et
832 1631 938 1689 babere
953 1633 1053 1704 gratia
1070 1633 1222 1700 servorem,
1237 1647 1300 1704 qnae

717 1701 883 1774 designatur
896 1703 925 1760 in
934 1707 1054 1773 loanne,
1070 1707 1119 1776 qui
1131 1703 1302 1776 interpreta-

717 1776 764 1829 tur
778 1779 807 1830 t'n
819 1791 872 1846 pao
889 1781 928 1830 est
942 1780 1045 1845 pratia.

755 1865 768 1902 o
785 1848 877 1902 Paion
889 1864 921 1902 ar
932 1864 1063 1904 rnisririn
1076 1848 1187 1904 Doiiirii.
1201 1849 1300 1904 -ils·

716 1923 824 1988 sumpto
840 1916 927 1988 igilur
946 1922 1025 1976 Petro
1051 1925 1077 1974 et
1102 1919 1208 1974 diiobus
1231 1920 1301 1990 llliis

716 1989 848 2056 Zebedaei,
865 1989 1025 2062 specialiter
1038 1995 1185 2060 tamquam
1196 1993 1231 2046 de
1241 1987 1300 2046 suis

717 2059 878 2117 secretariis
896 2065 924 2116 et
943 2065 1033 2134 magis
1048 2060 1246 2131 familiaribus,
1271 2067 1300 2118 ut

717 2130 819 2202 quibus
831 2134 858 2188 in
872 2132 1124 2202 transfiguratione
1137 2133 1301 2189 ostenderat

716 2203 836 2273 gloriam
852 2220 910 2261 siim
937 2203 1103 2277 majestatis,
1125 2202 1233 2260 eisdem
1253 2219 1299 2259 re·

717 2274 823 2330 velaret
836 2279 921 2332 etlam
937 2275 1083 2333 tristitiam
1105 2291 1165 2332 suae
1186 2273 1300 2332 Passio·

715 2344 771 2410 nis,
781 2353 808 2402 ct
819 2346 867 2430 qui
878 2347 1010 2404 viderant
1019 2345 1155 2418 gloriosa,
1168 2345 1302 2403 viderent

716 2423 745 2474 et
759 2419 888 2484 humilia,
903 2424 993 2491 cupit,
1007 2418 1054 2476 ille
1068 2421 1150 2488 cujus
1163 2423 1229 2474 sunt
1239 2432 1300 2474 om·

717 2490 775 2556 nia,
791 2495 819 2545 et
835 2489 863 2546 in
880 2505 936 2562 quo
951 2489 1132 2547 adversarius
1155 2489 1226 2546 nibil
1244 2491 1301 2546 ba·

717 2561 812 2628 beliat,
820 2560 1020 2644 quipeccatum
1032 2578 1087 2618 non
1097 2561 1212 2630 lecerat,
1222 2575 1300 2617 mor·

716 2637 745 2689 te
761 2633 814 2690 sibi
831 2637 1009 2702 imminente,
1025 2636 1186 2690 contristari
1200 2638 1226 2688 et
1239 2648 1301 2687 mn·

716 2710 776 2760 stus
791 2719 857 2761 esse.
872 2705 944 2772 Quid
958 2721 1026 2778 ergo
1041 2721 1090 2761 nos
1106 2710 1219 2776 oportet
1229 2703 1303 2760 lace·

717 2775 773 2832 re‘l
786 2775 864 2832 Unde
886 2780 1081 2848 Hieronymus:
1101 2795 1115 2829 ii
1134 2777 1165 2832 ln
1180 2777 1233 2832 hoc
1249 2790 1301 2847 pa-

718 2863 784 2904 vere
794 2851 822 2903 et
833 2847 940 2904 tristari
950 2845 1301 2919 docemurantejudicium

719 2922 891 3002 mortis,·qni
903 2935 959 2976 non
970 2934 1121 2992 possumus
1132 2933 1183 2990 per
1193 2934 1242 2974 niis
1255 2917 1298 2974 dl-

718 3006 793 3059 cere,
808 3006 863 3046 nisi
879 3005 931 3064 per
942 2990 1022 3046 illum
1040 3008 1047 3047 :
1070 2993 1152 3047 Venit
1213 2991 1302 3060 'aceps

717 3062 815 3118 mundi
829 3064 924 3132 bajus,
937 3069 962 3118 et
972 3065 1001 3117 iii
1011 3077 1053 3117 iiie
1064 3077 1118 3116 iioii
1129 3006 1302 3142 bnfflqnid

718 3149 811 3204 quom.
830 3152 844 3186 ii
861 3135 927 3190 iliae
940 3139 1034 3189 autem
1060 3131 1176 3188 tristitia
1189 3133 1300 3188 Domini

719 3203 840 3262 maxima
860 3204 923 3273 luit,
936 3203 1003 3276 quia
1018 3211 1083 3260 tuno
1095 3206 1136 3258 aii
1150 3205 1225 3259 illis:
1242 3204 1302 3258 dii·-

718 3280 770 3332 stis
784 3283 824 3331 est
838 3280 932 3332 animo
946 3292 1005 3331 meo
1020 3291 1106 3346 iisque
1120 3275 1160 3330 nd
1177 3279 1300 3330 mortain.

721 3348 859 3404 Usualiter
874 3347 981 3404 dictum
998 3353 1050 3416 est,
1070 3347 1098 3402 id
1117 3351 1161 3402 est
1181 3345 1301 3402 inultum

719 3421 808 3475 tristis
822 3426 864 3475 est
882 3419 978 3475 anima
1002 3433 1076 3486 nica,
1096 3421 1163 3488 qula
1187 3415 1302 3473 tristitia

719 3495 831 3546 tantum
851 3489 965 3547 intensa
988 3497 1060 3559 erat,
1077 3495 1214 3560 quantum
1239 3501 1302 3570 esse

720 3567 851 3634 poterat3
867 3563 921 3629 vel,
945 3560 1032 3619 tristis
1051 3567 1093 3616 est
1108 3575 1198 3632 usquo
1213 3557 1249 3616 ad
1265 3564 1303 3641 ti·

720 3649 829 3690 morem
842 3635 952 3702 mortis,
966 3637 994 3690 et
1008 3648 1060 3705 pro
1076 3631 1177 3688 timore
1190 3635 1302 3696 mortis,

721 3703 788 3776 quia
812 3709 932 3761 mortem
961 3703 1130 3760 naturaliter
1155 3701 1301 3770 timebat;

720 3777 775 3844 vel,
800 3791 897 3848 usque,
917 3780 1012 3846 potest
1036 3790 1098 3832 esse
1119 3772 1301 3837 exclusivum,

720 3847 887 3904 tristabatur
912 3845 988 3904 enini
1008 3847 1099 3904 donec
1118 3861 1159 3906 se.
1180 3850 1209 3900 et
1235 3859 1302 3900 suos

720 3924 812 3976 morte
823 3917 957 3976 liberaret
971 3936 978 3974 :
991 3933 1067 3974 mors
1082 3915 1187 3989 quippe
1202 3931 1302 3986 corpo·

720 3993 760 4047 ris
777 3989 916 4047 absolutio
931 3999 974 4047 est
987 3987 1093 4046 doloris
1109 3991 1137 4044 in
1152 3987 1262 4045 Christo
1275 3991 1304 4042 et

721 4062 779 4118 suis
789 4083 795 4126 ;
807 4062 861 4128 iel,
876 4066 970 4134 potest
984 4077 1045 4118 esse
1059 4059 1238 4126 inclusivum,
1249 4055 1303 4114 sci-

721 4133 787 4190 licet
801 4134 892 4190 donec
906 4139 968 4204 post
991 4137 1110 4188 mortem
1125 4145 1207 4188 suam
1222 4129 1302 4186 redi-

721 4209 786 4262 rent
798 4204 1039 4277 Apostoliadejus
1050 4202 1232 4258 lidemllnde
1243 4201 1302 4256 ilii-

720 4279 821 4332 seimus
834 4295 843 4332 i
854 4299 869 4328 u
884 4277 954 4332 Dato
968 4283 1063 4332 autem
1077 4273 1203 4330 caritatis
1216 4276 1244 4328 et
1256 4287 1302 4354 pa·

721 4345 949 4405 tientiaesaluiari
964 4349 1108 4414 mandato,
1124 4350 1153 4402 et
1165 4345 1209 4401 dis
1230 4351 1303 4400 osito

720 4419 856 4478 tratribus
870 4434 959 4490 regno
975 4415 1067 4476 Patris
1079 4417 1132 4486 tui,
1160 4415 1196 4474 ad
1210 4359 1303 4474 focum
