3036 5042
219 343 255 404 bt
575 343 732 396 SKUUNUAE
759 341 876 396 rtltlls
904 339 1009 393 CAPUT
1037 338 1098 392 llll

225 450 454 536 pecuniamquia
469 445 803 520 pretiumsanpuinisast,

225 537 255 582 m
270 526 437 590 corbonam,
457 523 510 578 hoc
522 525 566 578 est
580 519 610 576 in
629 519 803 600 gazophyla-

227 596 313 664 cium,
324 601 353 652 et
365 595 441 652 inter
454 595 532 651 dona
544 595 592 649 Uel
603 608 659 648 non
674 595 802 660 mittunt,

227 685 279 726 cur
293 665 559 740 ipsumsanguinom
569 662 711 720 tundunt?
725 661 803 720 Unde

225 743 401 809 apparemus
423 755 430 794 t
450 735 576 804 «Qualis
606 734 654 792 illa
668 734 803 790 innocen·

224 812 271 868 tias
286 809 428 866 simulatio
444 809 506 877 luit,
523 807 673 880 pecuniam
690 807 805 877 sangni-

226 883 270 938 nis
292 897 349 938 nou
373 883 485 938 mittero
499 883 528 936 in
543 894 650 946 arcam,
666 883 694 934 et
711 879 804 948 ipsum

224 951 393 1024 sanguinem
403 949 802 1009 mitterainconsclentiamt»

228 1026 347 1083 Uoncilto
360 1029 452 1080 autam
463 1024 537 1080 luter
547 1039 576 1079 sc
588 1025 669 1090 inito,
683 1026 805 1077 emerunt

226 1111 261 1154 ea
285 1099 328 1152 ets·
352 1109 459 1166 oprrrm,
487 1095 634 1166 cujusdam
657 1095 747 1164 apuli,
774 1096 805 1149 io

226 1169 397 1240 sepulturam
410 1171 597 1232 mortuorum,
612 1165 805 1235 scilicetpere·

227 1243 380 1310 patrorum,
396 1239 445 1311 qui
464 1255 522 1295 non
545 1239 689 1295 habebant
709 1236 805 1308 sepul·

227 1312 327 1368 chrum
335 1311 496 1383 proprium;
511 1315 539 1366 et
548 1315 661 1380 propter
669 1311 716 1364 boo
728 1325 805 1364 voco·

228 1387 272 1439 tus
286 1389 327 1438 est
336 1385 457 1452 aquilla
471 1383 648 1449 Hercelduma,
662 1383 710 1436 boo
721 1385 760 1436 est
774 1397 805 1435 o-

226 1473 274 1524 per
285 1457 441 1523 canapinis,
450 1469 536 1524 usqae
550 1457 580 1509 io
592 1452 752 1508 hodiernum
765 1452 808 1507 di-

228 1545 280 1594 em,
293 1527 322 1582 iu
336 1525 553 1582 detestationem
564 1523 715 1593 proditoris
724 1524 807 1580 ludae

227 1603 256 1655 et
270 1599 439 1654 memoriam
449 1594 592 1652 Passionis
603 1598 669 1652 lesu
684 1595 805 1650 Christi:

227 1668 296 1740 quia
314 1667 391 1724 enim
412 1666 534 1739 pretium
559 1666 657 1722 mortis
683 1665 805 1736 inerant,

228 1740 257 1795 in
270 1753 354 1796 usum
368 1745 558 1800 mortuorum,
572 1743 601 1794 et
614 1739 668 1794 boc
685 1737 807 1808 peregri-

228 1809 807 1880 uorumcostradiderunt,Quodlecerunt,

228 1897 286 1940 non
306 1882 335 1938 in
354 1881 590 1946 misericordiam,
601 1881 651 1937 sed
668 1880 697 1937 in
710 1883 805 1938 Solva·

228 1955 298 2011 toris
308 1953 465 2025 infamiam,
481 1952 641 2010 simulando
660 1953 806 2026 pictatem,

229 2032 257 2084 et
275 2026 448 2084 intendendo
466 2024 659 2097 iniquitatem,
677 2029 706 2080 ot
721 2026 806 2095 longe

228 2099 340 2171 lateque
355 2097 685 2168 ‹llllamarelur,emptio,
701 2101 729 2152 et
740 2112 806 2166 pro·

227 2179 291 2244 pter
310 2171 365 2226 boc
379 2171 476 2227 addita
492 2175 535 2225 est
549 2168 692 2238 impositio
715 2168 807 2223 nomi-

229 2243 274 2298 nis
294 2241 409 2298 Christi.
425 2245 448 2298 A
471 2247 551 2312 parte
575 2247 680 2296 monus
695 2239 762 2297 Sion
777 2238 807 2295 in

228 2313 330 2369 vallem
345 2314 483 2384 losapbat
497 2311 706 2375 descendendo,
727 2312 808 2382 juxta

230 2382 401 2438 natatoriam
417 2382 492 2439 Siloa
504 2387 604 2438 eontra
617 2385 759 2452 Austrum,
771 2383 807 2439 ad

225 2455 332 2524 jactum
347 2453 447 2524 lapidis
467 2453 543 2509 ultra
562 2453 673 2522 vallem,
687 2461 728 2509 est
739 2469 808 2525 ager

228 2523 457 2592 Hrtootdomo‚ubi
469 2531 511 2579 est
524 2523 669 2592 sepultura
683 2525 808 2596 peregri·

229 2593 808 2664 norum‚ubil'nitmonasteriumseueocle·

228 2665 808 2726 siaomninmsmctorumlnhocautem

229 2739 305 2811 quod
319 2737 608 2811 depretiosangulnis
623 2755 722 2812 agrum
734 2757 807 2797 eme-

227 2808 809 2885 ruutinsepulturamperegrinorum,my-

226 2882 295 2938 stice
307 2880 518 2953 daturintelllgl
533 2883 608 2953 quod
620 2883 808 2955 Christusper

226 2967 308 3010 suum
334 2953 505 3024 sanguinem
535 2953 618 3010 nobis
646 2955 808 3026 peregrinis

226 3024 295 3082 emit
329 3025 435 3082 uietem
448 3030 616 3097 perpetuam
630 3031 658 3082 at
671 3026 807 3098 gaudium

226 3041 363 3170 paradisi.
389 3096 468 3155 Unde
490 3097 588 3155 Utosso
608 3115 616 3153 r
638 3117 653 3150 a
673 3101 808 3171 Magnum

223 3175 434 3228 sacramentum
449 3169 519 3226 lutet
532 3168 655 3226 intactis
672 3168 806 3242 iniquita·

224 3241 270 3298 tls.
286 3241 403 3315 Figulus
421 3247 464 3298 est
479 3243 565 3310 Deus,
580 3239 610 3297 iu
628 3243 708 3313 cnjus
723 3257 807 3298 manu

225 3317 268 3370 est
280 3329 313 3370 ex
324 3314 425 3370 eodem
439 3313 497 3369 luto
514 3313 607 3369 lacere
620 3313 697 3369 aliud
713 3329 762 3370 vas
777 3312 807 3369 in

224 3385 373 3453 bonorem,
383 3383 460 3440 aliud
470 3383 724 3454 incontumeliam;
737 3401 807 3455 ager

225 3456 286 3526 ejus
309 3460 353 3511 est
378 3453 516 3524 seculum,
541 3455 617 3525 quod
638 3456 806 3514 universnm

224 3524 316 3598 pretio
343 3523 491 3596 sanguinis
508 3527 571 3598 ojus
592 3526 709 3597 emitur,
727 3535 757 3584 ut
779 3529 805 3586 ei

221 3596 571 3669 commortuisepeliantur
582 3597 735 3670 peregrini,
748 3617 805 3657 non

222 3667 320 3740 utique
336 3667 434 3738 lsrael,
449 3667 499 3725 scd
518 3669 614 3738 aliani,
631 3671 680 3742 qui
698 3669 729 3727 in
743 3687 806 3744 pre·

222 3740 260 3796 tio
282 3739 430 3814 sanguinis
454 3743 515 3814 ejus
543 3741 645 3812 sepulti
669 3748 804 3800 aeternam

222 3811 347 3883 requiem
363 3811 550 3870 sortientur.»
564 3814 642 3871 Unde
656 3814 732 3872 aitet
742 3819 804 3872 llte·

218 3899 350 3952 ronpmus
367 3899 374 3940 :
390 3903 403 3936 «
421 3887 475 3939 llos
493 3901 572 3956 orgo,
590 3885 637 3957 qui
660 3887 803 3968 peregrini

220 3969 367 4012 eramusa
389 3957 463 4026 Lege
482 3961 510 4012 et
534 3958 693 4028 l'coplrebs.
715 3973 803 4030 prava

217 4027 386 4084 ludaeorum
401 4025 496 4082 studia
515 4027 543 4083 in
563 4029 684 4084 salutem
700 4045 802 4087 snsce-

218 4097 321 4170 pimus.
339 4101 368 4153 ot
386 4098 415 4152 ln
435 4098 527 4168 pretio
549 4099 700 4170 sanguinis
720 4101 801 4158 Cbri·

214 4167 476 4241 stireqnioscimos.
489 4189 501 4220 o
517 4169 595 4226 Unde
607 4170 693 4226 etiam
706 4173 803 4240 Appa-

212 4243 302 4300 sttnus
319 4259 327 4296 :
346 4259 358 4292 o
379 4239 551 4313 Peregrinis,
568 4243 695 4312 inquam.
710 4244 758 4315 qui
771 4243 805 4299 si·

212 4331 247 4373 ne
262 4315 349 4372 domo
366 4317 394 4370 at
413 4312 505 4384 patria
527 4317 556 4370 et
577 4318 638 4370 toto
658 4315 727 4371 orbe
744 4331 798 4374 ex-

860 445 937 502 sules
968 444 1162 518 jactabantur,
1198 443 1317 516 requies
1347 443 1445 502 Christi

860 515 997 588 sanguine
1012 516 1186 589 providetur.
1199 519 1273 572 latos
1286 519 1389 572 autem
1404 531 1446 588 ps·

860 591 991 661 regrinos
1016 587 1137 645 dicimus
1158 603 1223 645 esse
1248 587 1448 644 devotissimos

861 660 1047 730 Cbristianos‚
1071 659 1119 732 qui
1139 659 1348 716 renuntiantes
1372 675 1447 716 sern-

860 733 887 790 lo
899 739 927 790 et
941 732 1011 789 nibil
1025 732 1205 804 possidentes
1220 732 1250 788 in
1264 731 1447 796 boemundo,

862 807 892 861 in
907 803 1011 862 Christi
1031 803 1172 875 sanguine
1194 803 1389 878 requiescunt
1410 821 1417 858 ι
1437 829 1447 850 ιι

861 877 922 933 lnaec
937 878 1124 946 depastione.

896 954 912 1004 o
927 950 1023 1004 Dosoa
1038 949 1136 1004 blame
1149 963 1234 1003 snrna
1254 948 1446 1004 F1moonrro.

861 1051 894 1062 -
923 1021 995 1077 Cum
1022 1025 1119 1076 autem
1137 1035 1189 1090 per
1215 1035 1320 1077 omnes
1340 1021 1447 1093 plateas

860 1091 1018 1149 Jerusalem
1033 1091 1188 1160 diceretur,
1204 1092 1284 1162 quod
1308 1093 1446 1150 Dominus

861 1165 939 1220 tosus
954 1165 1345 1236 captusessat,elqnomodo
1357 1164 1444 1220 Julael

861 1251 927 1293 eum
951 1235 1118 1308 crucifigere
1138 1233 1254 1300 vellent,
1282 1235 1445 1309 percipiens

862 1309 914 1364 hos
927 1321 1055 1363 rumores
1068 1306 1211 1363 terribiles
1227 1306 1372 1365 dolorosa
1389 1311 1445 1364 bla-

861 1385 906 1436 ter
915 1381 987 1451 eJ'us,
999 1395 1062 1450 quae
1073 1383 1167 1434 lamen
1179 1394 1243 1435 cum
1260 1381 1361 1450 primo
1371 1396 1449 1452 cape·

862 1457 950 1520 retur,
967 1451 1020 1507 boc
1036 1451 1064 1505 iu
1079 1449 1190 1522 spiritu,
1203 1454 1234 1507 ut
1249 1451 1374 1521 dicitur,
1387 1469 1448 1524 cog·

862 1529 991 1590 noverat,
1007 1521 1092 1578 ductu
1107 1528 1150 1578 est
1169 1538 1232 1578 cnm
1254 1521 1448 1580 inestimabi-

862 1594 882 1650 li
895 1595 1031 1663 lameuto,
1048 1599 1075 1648 et
1090 1593 1169 1662 lietu,
1186 1599 1215 1650 et
1228 1594 1353 1665 planctu
1369 1615 1388 1651 a
1408 1613 1448 1653 so-

863 1665 976 1723 roribus
995 1665 1101 1722 suiset
1120 1665 1195 1734 aliis,
1218 1664 1303 1738 quasi
1321 1673 1448 1724 mortua,

863 1739 897 1794 Et
914 1737 991 1794 venit
1006 1738 1042 1794 ad
1061 1737 1215 1794 videndum
1238 1737 1346 1795 l'ilinm
1367 1755 1448 1796 sunm

863 1809 1008 1878 dilectum,
1022 1809 1138 1880 plorans
1151 1808 1334 1866 incessanter
1351 1827 1405 1883 per
1418 1811 1450 1866 ci-

863 1882 980 1938 vitatem
1004 1880 1173 1950 ierusalem,
1190 1885 1219 1937 et
1237 1881 1337 1937 dicens
1355 1901 1364 1938 :
1393 1885 1450 1938 llen

864 1953 928 2010 mel
952 1951 1004 2010 Ubi
1024 1956 1067 2009 est
1083 1969 1157 2009 nunc
1173 1951 1397 2011 amantissimus
1411 1956 1450 2010 li-

863 2021 1031 2082 liusmens?
1055 2025 1106 2081 Ubi
1126 2040 1166 2091 es,
1191 2023 1360 2082 dulcissime
1377 2027 1450 2082 Fili?

864 2096 915 2153 Ubi
931 2101 958 2152 te
974 2095 1142 2152 inveniam?
1164 2095 1232 2164 Quis
1251 2100 1278 2152 te
1294 2097 1388 2166 cepit,
1406 2115 1447 2154 ra·

862 2167 1000 2224 rissime‘l
1016 2171 1109 2236 Quare
1126 2173 1154 2224 te
1171 2167 1447 2238 mibiabslulerunt,

862 2239 1085 2311 benignissime?
1097 2241 1162 2296 llaec
1170 2241 1249 2296 ethis
1261 2239 1374 2298 similia
1390 2248 1448 2314 pot·

863 2322 924 2368 erat
937 2311 1043 2382 dicere,
1063 2315 1092 2368 et
1106 2313 1196 2369 multo
1216 2311 1306 2382 magis
1326 2328 1447 2370 moren-

862 2383 902 2441 tia
917 2389 1028 2440 mentes
1045 2383 1232 2452 audientium,
1243 2387 1329 2440 etiam
1346 2387 1448 2442 infide

863 2455 943 2524 lium,
959 2456 994 2512 ad
1017 2455 1198 2512 devotionem
1224 2459 1252 2512 et
1270 2461 1449 2528 compassio·

863 2544 939 2583 nem.
955 2526 1072 2584 AEstimo
1087 2528 1163 2599 quod
1181 2543 1281 2584 omnes
1301 2527 1352 2599 qui
1373 2529 1447 2586 ride

863 2604 931 2655 runt
948 2598 1027 2656 illam
1048 2599 1176 2656 dicerent
1191 2617 1200 2655 r
1218 2599 1240 2656 0
1262 2615 1351 2670 quarn
1375 2602 1448 2658 nrale

863 2677 907 2727 est
921 2670 967 2726 isti
981 2671 1065 2728 bonos
1080 2671 1189 2727 mulieri
1204 2672 1210 2727 l
1227 2670 1255 2729 Si
1269 2671 1389 2730 vidistis
1403 2689 1448 2746 pa-

863 2757 924 2798 rcm
937 2743 1088 2799 dolorem?
1102 2744 1136 2798 Et
1152 2759 1217 2799 cum
1238 2746 1299 2816 ipsa
1314 2761 1351 2801 ac
1367 2763 1446 2803 soro

863 2830 909 2870 res
925 2815 985 2885 ejus
1000 2817 1028 2871 el
1049 2814 1097 2871 alii
1113 2813 1163 2886 qui
1180 2831 1274 2870 secum
1291 2825 1444 2884 venerant,

863 2883 993 2942 viderent
1006 2903 1070 2943 eum
1094 2885 1135 2942 sic
1149 2885 1277 2958 ligatum,
1292 2888 1444 2959 amictum,

863 2963 1042 3030 consputum,
1056 2957 1092 3015 ab
1110 2959 1241 3015 omnibus
1262 2959 1444 3032 despectum,

862 3028 961 3086 adieci
984 3028 1037 3086 ulis
1059 3029 1236 3098 derelictum,
1251 3046 1285 3087 ac
1301 3033 1383 3088 omni
1400 3051 1445 3090 so-

862 3099 931 3156 latio
951 3045 981 3157 eiJ
999 3100 1103 3158 anxilio
1124 3101 1302 3171 destitutum,
1320 3119 1385 3160 non
1404 3106 1444 3161 lo·

863 3179 1009 3243 quantem,
1025 3189 1083 3230 non
1093 3188 1124 3229 se
1141 3179 1332 3245 excusantem,
1345 3179 1389 3231 sic
1409 3177 1444 3232 ri-

863 3243 1060 3314 tuperabiliter
1073 3249 1102 3300 et
1115 3245 1156 3302 sio
1173 3245 1330 3303 enormiter
1343 3263 1362 3304 a
1378 3253 1443 3305 tan·

862 3319 891 3371 ta
903 3315 1083 3372 multitudine
1094 3323 1270 3374 armatorum
1281 3319 1443 3376 crudelium

861 3385 937 3458 duci,
952 3389 989 3443 ad
1004 3385 1161 3444 sistendum
1182 3388 1318 3446 tribunali
1334 3391 1442 3462 judicis

859 3457 963 3531 iniqui,
979 3465 1007 3516 et
1020 3460 1270 3518 condemnandum
1287 3477 1352 3518 eum
1368 3479 1443 3518 mor·

860 3532 899 3594 ti;
916 3535 1023 3602 quanto
1039 3537 1104 3587 sunt
1119 3531 1218 3588 dolore
1232 3536 1262 3588 et
1278 3533 1443 3590 amaritudi-

860 3617 896 3658 ne
913 3602 1015 3674 repleti
1030 3617 1089 3659 non
1099 3609 1194 3676 posset
1204 3603 1271 3672 dici,
1282 3607 1324 3661 rel
1336 3621 1444 3662 sermo

862 3689 898 3729 ne
912 3674 1055 3746 explicari.
1068 3675 1158 3732 Credo
1173 3675 1252 3748 quod
1266 3677 1347 3748 qnasi
1365 3694 1442 3734 mor-

860 3745 900 3802 tui
925 3745 955 3802 in
979 3751 1085 3802 terram
1108 3749 1376 3820 prosternebantur,
1396 3765 1442 3806 co-

861 3833 922 3874 ram
937 3833 981 3874 eo.
996 3817 1133 3875 Dominus
1156 3823 1242 3876 eliam
1263 3821 1364 3878 videns
1385 3826 1441 3878 lla-

860 3894 932 3946 trem
952 3893 980 3945 et
994 3889 1065 3946 alios
1090 3889 1117 3946 in
1133 3893 1212 3948 tanto
1228 3891 1339 3962 dolore,
1361 3894 1442 3950 valde

859 3959 975 4018 dolebat
1000 3965 1028 4018 et
1048 3961 1117 4033 ipse.
1136 3963 1254 4020 ltlultum
1270 3964 1347 4020 enim
1362 3965 1440 4022 attii-

860 4033 982 4104 gebatur
1004 4049 1038 4089 ex
1060 4034 1267 4106 compassione,
1293 4051 1379 4106 uuam
1405 4037 1440 4094 ad

858 4119 923 4160 snos
939 4111 966 4161 ot
979 4105 1100 4162 maxime
1115 4106 1151 4163 ad
1163 4109 1282 4164 blutrem
1293 4109 1438 4166 babebat:

859 4175 966 4232 sciebat
986 4175 1072 4246 euim,
1093 4179 1171 4249 qnod
1189 4193 1241 4250 pro
1261 4177 1322 4251 ipso
1347 4195 1438 4250 usone

858 4247 893 4303 ad
906 4248 1081 4306 evulsionem
1100 4249 1203 4308 animae
1219 4267 1237 4306 a
1251 4265 1372 4323 corporo
1387 4255 1436 4308 do·

857 4317 964 4376 lebant.
980 4321 1014 4379 ut
1024 4320 1065 4378 sic
1078 4321 1196 4380 Uomino
1207 4321 1314 4396 ubique
1328 4329 1357 4380 ot
1367 4339 1439 4380 sem·
