3104 5034
233 389 280 440 litt

545 385 701 438 SECUNDAE
730 382 850 438 ululis
876 381 980 436 strui
1008 381 1151 436 lxxxiv

233 501 269 558 lis
280 501 407 556 omnium
421 497 581 569 linguarum
593 494 724 552 notitiam
736 512 743 564 ;
755 495 819 566 juii-
872 495 937 550 ritis
948 496 1069 564 peccatu.
1084 494 1262 548 remittuntur
1272 495 1324 558 ais,
1335 499 1399 560 step
1412 508 1448 549 se·

236 576 264 628 ta
279 571 355 643 quod
371 570 485 640 legitur,
505 567 535 624 in
552 567 624 626 libro
640 565 792 639 Sapientiae
811 581 818 624 :

234 645 356 716 Spiritus
371 643 481 698 Domini
494 643 610 712 repleuit
625 640 715 696 orbem
729 643 820 695 temu-

232 731 305 784 rum‚
320 720 346 770 et
360 715 409 769 lior
422 713 496 784 quod
511 714 629 768 continet
646 713 749 779 omniu,
765 708 819 766 sci·

176 847 179 852 ,
233 781 820 843 licethomoconienientiamliabenscum

234 856 313 914 omni
334 861 474 923 creatura,
499 859 528 910 et
545 860 760 926 propterquam
777 853 789 908 l
807 882 820 895 -

236 934 280 985 cta
295 933 338 984 est
354 925 447 984 omnis
457 929 597 996 creatura,
614 927 758 982 scientium
773 926 819 980 lin·

237 1001 279 1056 tit
291 1001 376 1068 vocis,
393 997 423 1054 id
437 1001 481 1054 est
494 997 667 1068 linguarum.
682 997 757 1052 ilasi
775 994 819 1051 di-

235 1075 364 1127 ceretur:
379 1067 501 1142 Spiritus
514 1070 633 1126 Sanctus
648 1083 678 1124 re
700 1067 761 1124 lens
773 1083 819 1124 or·

233 1143 297 1199 liam
312 1145 463 1222 terrarum,
477 1139 554 1196 dedit
569 1083 715 1210 discipufis
728 1137 820 1220 llomi·

235 1211 264 1269 ni
273 1212 419 1269 scientiam
428 1210 601 1281 linguarum,
611 1215 641 1266 ut
650 1209 821 1281 linguisom-

235 1283 316 1340 nium
356 1283 490 1340 Gentium
521 1282 716 1352 loquerentur.
741 1283 819 1338 Tunc

237 1352 344 1412 etenim
363 1352 488 1411 Ecclesia
508 1353 537 1410 iu
556 1368 613 1409 uua
631 1356 717 1424 gente
738 1357 818 1422 erat;

236 1442 359 1498 cunique
368 1425 554 1497 loquerentur
563 1423 601 1480 lin
624 1423 667 1480 uis
679 1422 818 1493 omnium,

235 1497 459 1570 significabatur,
468 1497 543 1567 quod
553 1441 679 1578 Ecciesia
693 1512 819 1552 crescen-

234 1569 270 1628 do
287 1586 337 1641 per
350 1585 449 1626 omnes
463 1570 568 1626 Gentes
578 1568 681 1639 linguis
691 1569 818 1624 omnium

233 1641 363 1698 locutura
374 1645 460 1708 esset,
475 1639 542 1712 quia
557 1641 617 1710 jain
631 1638 756 1696 Ecclesia
766 1637 819 1694 lin-

234 1729 305 1786 guas
330 1714 459 1769 omnium
480 1712 576 1768 tiabat.
597 1710 649 1767 Ubi
666 1727 733 1781 ergo
758 1711 819 1780 jam

235 1799 335 1841 omnes
361 1783 465 1854 linguai
494 1783 692 1853 loquebantur.
720 1797 819 1838 omnes

235 1854 339 1926 lingum
352 1855 502 1910 crediturae
513 1853 745 1910 ostendebantur.
756 1854 820 1923 lpsa

133 1943 139 1952 ’
236 1931 331 1984 autem
345 1925 453 1998 species
468 1929 605 1982 creaturae
619 1926 717 1996 inqua
733 1923 819 1996 Spiri-

236 2001 282 2054 tus
304 2000 423 2057 Sauctus
448 1996 596 2054 visibiliter
610 1995 764 2065 descendit,
782 1995 819 2053 ad

235 2084 320 2142 quein
347 2085 428 2127 usum
455 2074 525 2126 tuuc
544 2067 575 2126 in
598 2067 748 2141 Apostolos
769 2067 818 2124 de-

236 2143 378 2199 scenderit
402 2157 434 2198 eii
455 2139 549 2208 ressit,
578 2144 611 2198 ut
640 2139 747 2196 scilicet
775 2137 819 2196 ori

235 2215 363 2284 verbum,
378 2157 533 2270 intellectui
548 2213 650 2282 lucem,
661 2217 691 2294 et
705 2209 819 2268 allectui

237 2286 381 2353 ardorem,
397 2293 426 2341 et
439 2284 517 2341 cordi
529 2285 618 2340 robur
634 2284 816 2340 ministraret.

237 2355 287 2413 Lin
310 2373 346 2413 ua
362 2355 439 2412 enim
454 2353 820 2427 verbaeiiplicat,iguisve·

234 2443 267 2484 ro
275 2373 426 2490 iffuminat,
438 2426 577 2494 calefacit,
587 2432 615 2483 et
625 2431 726 2482 testam
738 2426 820 2482 robo-

236 2502 289 2555 rat.
301 2499 355 2555 Sed
363 2498 400 2554 ad
409 2496 496 2554 alium
507 2513 599 2566 usum,
610 2496 760 2553 scilicetad
772 2512 818 2552 re-

234 2569 385 2626 laxandum
399 2573 515 2639 peccata
529 2569 611 2624 datus
627 2567 690 2636 luit,
704 2567 819 2638 quando

234 2643 297 2712 post
315 2637 563 2696 Resurrectionem
583 2653 664 2695 auam
685 2637 819 2695 Dominus

235 2710 378 2782 Apostolis
395 2709 560 2779 insuillaiit,
574 2713 603 2766 et
617 2708 686 2766 dixit
704 2727 711 2765 ι
733 2709 820 2766 Aeci-

231 2785 291 2854 pita
311 2783 448 2854 Spiritum
470 2783 620 2850 Sanetum;
640 2797 756 2852 quorum
779 2797 820 2837 re-

232 2857 365 2910 miseritis
385 2858 508 2926 pausato,
524 2857 704 2910 remittuntur
718 2855 768 2924 eis,
792 2857 818 2911 et

233 2941 351 2997 quorum
362 2927 545 2994 retinueritis,
552 2930 659 2982 retentu
669 2930 744 2982 suut.

269 3001 286 3053 5
313 2999 437 3054 Srinirus
464 2999 585 3056 Sinarus
600 3015 642 3054 ais
661 3013 754 3054 iussus
770 3013 818 3053 iisn

235 3085 320 3126 suren
342 3069 480 3126 Cunisiuii
497 3087 529 3125 er
545 3087 630 3126 sunna
644 3069 816 3128 Arosronos.

234 3169 269 3182 -
283 3139 335 3197 Ubi
349 3141 519 3210 notandum,
530 3140 607 3212 quod
618 3139 738 3212 Spiritus
752 3141 819 3196 San·

232 3217 294 3269 ctus
307 3213 351 3269 liis
363 3211 467 3268 missus
481 3217 523 3269 est
537 3228 624 3284 super
635 3212 820 3278 Christum,et

234 3281 285 3341 bis
296 3299 382 3356 super
396 3282 560 3355 discipulos.
575 3287 664 3356 Super
675 3281 819 3340 Christum

234 3353 349 3426 quidem
363 3377 370 3414 ι
382 3354 475 3428 primo
487 3355 517 3412 in
529 3355 622 3438 specie
634 3355 773 3412 columba
788 3353 818 3410 in

234 3425 388 3498 Baptismo,
401 3426 527 3483 secundo
542 3443 572 3483 in
584 3426 677 3497 specie
694 3424 776 3482 nubis
787 3424 817 3482 iu

231 3496 486 3626 transfiguratione
499 3520 505 3554 :
519 3499 586 3568 quia
598 3497 690 3570 pratia
702 3496 815 3562 Christi,

231 3583 298 3697 pure
346 3575 411 3626 atur
434 3583 486 3640 per
509 3567 644 3641 Spiritum
671 3571 816 3638 Sanctum,

252 3639 387 3698 eriiauda
401 3644 464 3698 erat
476 3639 512 3697 ad
525 3656 577 3697 nos
590 3655 641 3712 per
652 3639 815 3712 propagati-

235 3726 320 3769 onem
376 3711 491 3770 atisin
510 3711 708 3780 sacramentis,
728 3719 757 3767 et
776 3710 817 3768 sic

233 3781 334 3840 descen
357 3785 379 3840 it
390 3785 419 3840 iu
432 3799 445 3840 a
466 3783 525 3841 acic
537 3784 687 3852 columbas,
698 3799 761 3854 quae
774 3787 817 3840 est

229 3852 336 3935 animal
349 3801 526 3937 ioecungum3
542 3860 570 3914 et
579 3872 631 3930 per
643 3853 814 3924 doctrinam,

233 3929 262 3980 et
277 3939 318 3980 sic
337 3925 485 3983 descendit
498 3927 527 3984 in
547 3929 621 3986 nube
636 3927 740 3996 lucida,
756 3942 816 3982 un-

231 3995 268 4078 de
282 4001 310 4077 et
333 3994 372 4052 ibi
385 3997 543 4054 ostenditur
567 3999 689 4056 doctor:
706 3996 813 4069 ipsum,

230 4072 334 4138 inquit,
358 4068 461 4125 audite.
491 4070 581 4140 Super
592 4070 742 4138 Apostolos
760 4085 814 4126 au·

232 4141 290 4196 tem
305 4139 398 4212 primo
413 4138 558 4195 descendit
573 4140 603 4196 iii
620 4143 699 4210 ilatu,
716 4140 752 4196 ad
775 4139 813 4196 si·

873 565 976 630 cundo,
987 564 1019 620 in
1029 561 1240 637 linguisigneia
1252 563 1289 618 ad
1299 562 1451 635 significan·

873 637 942 692 dum
964 634 1198 707 propagationem
1217 633 1323 705 gratim
1344 650 1392 704 per
1404 637 1450 692 dn-

874 707 1005 776 ctrinam,
1022 707 1097 764 unde
1111 711 1262 777 postquam
1278 707 1383 786 repleti
1395 713 1452 764 saut

873 795 965 835 omues
973 781 1083 850 Spiritu
1096 780 1208 846 Sancto,
1219 781 1319 834 statim
1327 784 1453 850 ceperunt

874 852 951 922 loqui
974 853 1063 906 curiis
1081 851 1196 919 liupuis,
1213 854 1295 906 etc...
1317 849 1365 905 Bis
1383 866 1454 920 erpo,

873 921 1030 978 secundum
1045 921 1218 990 (importum,
1234 919 1377 992 scriptum
1391 921 1454 992 legi·

874 1009 937 1050 inus
962 993 1112 1065 Apostolos
1128 992 1281 1050 manifesta
1306 991 1454 1050 donatione

873 1063 1009 1138 Spiritum
1037 1066 1172 1122 Sanctum
1200 1064 1381 1137 accepisse:
1404 1063 1454 1136 pri·

875 1151 962 1206 mum,
983 1137 1103 1192 Domino
1122 1135 1300 1193 consistente
1325 1135 1357 1194 in
1378 1141 1454 1204 terra,

873 1223 925 1280 per
938 1206 1160 1266 insufflationem
1172 1223 1179 1277 ;
1191 1207 1378 1278 postmodum
1392 1223 1454 1280 pre-

874 1279 984 1362 sidente
998 1277 1028 1336 in
1043 1279 1124 1362 cislo,
1141 1281 1170 1361 iri
1184 1277 1272 1336 variis
1286 1277 1398 1362 linguis
1412 1294 1454 1359 pei

873 1350 1455 1504 ttttatttttttttiutitatis

874 1493 1012 1564 tunditur,
1036 1493 1145 1551 duobus
1167 1493 1335 1566 preceptis,
1360 1493 1456 1550 scilieet

874 1563 1025 1622 dilectione
1049 1564 1099 1622 Dei
1119 1569 1147 1621 et
1163 1563 1300 1648 proximi,
1317 1565 1358 1644 im
1380 1565 1453 1620 latur.

874 1639 906 1694 ln
924 1642 1001 1694 terra
1021 1636 1105 1694 datur
1124 1638 1255 1710 Spiritus,
1274 1643 1309 1694 ut
1329 1581 1456 1708 diiigatui

875 1707 1036 1779 proximus;
1053 1725 1069 1764 e
1084 1709 1155 1766 caelo
1170 1708 1254 1766 datur
1280 1707 1416 1782 Spiritus,
1430 1711 1454 1760 ut
1529 1709 1530 1736 ³

874 1779 1009 1852 diligatur
1020 1781 1094 1838 Deus
1105 1798 1112 1848 3
1123 1785 1151 1837 et
1159 1779 1231 1837 sicut
1240 1797 1298 1836 una
1308 1785 1353 1836 est
1363 1777 1453 1836 carias
1529 1819 1530 1842 ,

874 1853 903 1908 et
914 1853 969 1907 duo
981 1857 1133 1924 precepta,
1149 1850 1189 1908 ita
1204 1867 1278 1908 uuus
1293 1849 1424 1924 Spiritus,
1432 1851 1453 1904 et

873 1921 1452 1996 duodata.thuinperdilectionempm·

873 1993 951 2064 ximi,
967 1995 1133 2067 pervenitur
1147 1995 1184 2052 ad
1198 1993 1386 2052 dilectionem
1402 1991 1452 2060 Dei,

872 2073 951 2123 recte
975 2065 1065 2136 primo
1087 2067 1172 2122 datur
1189 2065 1314 2138 Spiritus
1330 2067 1361 2122 in
1376 2069 1452 2130 terra,
1529 2079 1530 2088 ¹

873 2143 902 2193 et
914 2138 1095 2210 postmodum
1109 2154 1126 2194 e
1140 2137 1210 2194 coelo
1221 2155 1229 2206 3
1240 2136 1318 2194 sicut
1334 2133 1452 2195 enimait

872 2211 997 2266 loannes
1023 2226 1030 2266 :
1056 2211 1110 2277 Qui
1137 2226 1191 2266 ison
1219 2211 1321 2278 ditipit
1345 2212 1453 2278 fratrem

872 2296 952 2336 suum
975 2297 1056 2352 quem
1079 2281 1166 2350 uidet,
1188 2283 1284 2349 Deum,
1312 2297 1393 2354 quem
1407 2293 1453 2334 nm

872 2351 959 2421 uidet,
974 2352 1106 2423 quomodo
1123 2357 1213 2426 potest
1227 2353 1366 2422 ditipere?
1381 2353 1452 2408 lusu·

873 2439 925 2496 per
944 2427 1029 2480 etiam
1049 2423 1133 2481 datus
1152 2429 1196 2480 est
1211 2424 1359 2497 apostolis
1374 2419 1453 2495 Spiri·

874 2503 920 2552 tus
936 2496 1055 2552 Sanctus
1070 2501 1135 2554 ente
1152 2495 1332 2567 Passionem,
1348 2496 1383 2554 ad
1398 2507 1453 2568 pur

874 2567 1000 2638 gaudum
1013 2565 1126 2638 quaudo
1140 2566 1255 2625 luerunt
1269 2569 1415 2642 baptizati,
1430 2567 1454 2619 et

874 2638 911 2694 ad
938 2637 1100 2695 laciendum
1128 2637 1268 2696 miracula
1290 2638 1406 2713 quando
1422 2633 1453 2691 ad

874 2707 1088 2781 praedicandum
1102 2715 1169 2766 sunt
1188 2710 1287 2780 missi;
1308 2718 1340 2769 et
1353 2711 1451 2767 dictum
1509 2743 1514 2758 i

874 2786 917 2837 est
936 2781 977 2838 eis
993 2801 1001 2837 :
1018 2797 1110 2854 aegros
1138 2788 1248 2852 sanate,
1264 2789 1294 2838 et
1316 2784 1452 2840 daemones

873 2851 977 2925 eiieite,
993 2857 1121 2910 mortuos
1132 2855 1277 2910 suscitate.
1294 2855 1376 2912 Unde
1390 2852 1453 2908 llis-

872 2940 1002 2996 roupmus
1024 2943 1031 2982 z
1054 2943 1069 2978 ii
1100 2925 1159 2996 ligo
1186 2923 1303 2998 quidem
1325 2925 1452 2982 audacter

874 2995 1027 3068 pronuntio
1049 2995 1199 3066 Apostolos
1218 3013 1251 3052 ei
1268 3012 1302 3054 eo
1318 3003 1451 3068 tempore,

873 3081 930 3138 quo
945 3067 1127 3126 crediderunt
1141 3067 1261 3126 Domino
1271 3084 1386 3142 semper
1398 3061 1452 3135 Spi-

873 3137 959 3196 ritum
974 3139 1110 3196 Sanctum
1125 3138 1269 3210 hahuisse,
1283 3155 1337 3197 nec
1353 3140 1452 3208 alisque

873 3211 935 3282 ejus
950 3209 1042 3282 gratia
1052 3211 1134 3282 signa
1145 3211 1393 3284 lacerepotuisse;
1408 3203 1451 3264 sed

872 3297 938 3339 eum
952 3297 1005 3354 pro
1018 3281 1131 3338 modulo
1141 3286 1369 3354 atquememura
1382 3293 1451 3339 rece·

872 3351 958 3424 pisse.
978 3351 1074 3410 Primo
1091 3357 1186 3410 autem
1199 3353 1246 3412 die
1262 3353 1451 3429 Resurrectio

871 3423 915 3480 nis
939 3423 1001 3497 eius
1025 3429 1198 3498 acceperunt
1222 3423 1346 3498 gratiam
1362 3424 1449 3484 Sancti

873 3494 1005 3566 Spiritus,
1023 3511 1080 3568 qua
1100 3501 1217 3569 peccata
1240 3495 1415 3554 dimitterent
1428 3493 1451 3572 et

872 3565 1063 3639 baptizarent,
1087 3583 1120 3624 ac
1145 3567 1281 3640 Spiritum
1296 3567 1452 3642 adoptionis

871 3639 1051 3696 credentibus
1063 3639 1208 3696 traderent
1217 3659 1225 3709 ;
1242 3639 1288 3697 dic
1304 3657 1371 3698 vero
1386 3641 1449 3696 Peu-

871 3710 1041 3768 tecosteseis
1054 3709 1177 3782 amplius
1190 3711 1395 3784 repromissum
1402 3713 1448 3774 cst,

870 3781 1003 3838 videlicet
1015 3781 1091 3853 quod
1107 3781 1240 3839 virtutem
1255 3800 1288 3840 eii
1309 3783 1367 3840 alto
1387 3777 1449 3838 reci·
1529 3803 1530 3862 p

871 3857 1115 3925 parentinae
1140 3853 1326 3936 Evangelium
1351 3847 1448 3912 Cliristi

870 3923 978 3982 cunctis
993 3923 1129 3982 dentibus
1145 3925 1344 3996 predicarent.
1364 3949 1374 3978 i
1393 3925 1447 3983 tin·
1529 3925 1530 3990 t

869 3995 905 4052 de
920 4001 949 4052 et
962 3999 1015 4054 lico
1038 3997 1138 4069 Papa:
1157 4015 1171 4050 ii
1201 3999 1261 4054 Nou
1287 3997 1375 4068 igitur
1393 4011 1445 4054 aiii-

870 4065 1010 4140 bigamus,
1031 4069 1105 4150 quoii
1121 4084 1185 4125 cum
1199 4068 1229 4125 in
1251 4068 1297 4126 die
1317 4071 1445 4126 Penteco-

867 4145 925 4196 stes
938 4139 1066 4210 implevit
1089 4137 1244 4212 discipulos
1261 4140 1373 4198 Domini
1392 4137 1445 4210 Spi-

232 4209 428 4294 gnisicandum
455 4210 687 4294 propagationem
714 4209 814 4294 gratiae
869 4210 939 4268 ritus
959 4213 1088 4292 Sanctus,
1103 4227 1162 4268 uon
1176 4211 1231 4269 luit
1243 4211 1327 4286 liujus
1342 4213 1445 4268 inchoa·
1529 4221 1530 4268 t

233 4299 264 4340 in
289 4285 491 4350 sacramentis,
509 4298 590 4355 quus
613 4283 666 4354 ipsi
689 4281 813 4340 ministri
868 4281 908 4339 tio
927 4297 1065 4344 muneris,
1081 4279 1132 4340 seil
1158 4281 1281 4356 adjectio
1304 4281 1445 4357 largitatis.

232 4361 325 4426 erant,
341 4353 417 4414 unde
429 4353 534 4412 dicitur
551 4371 558 4412 ι
574 4355 694 4422 Quorum
707 4357 815 4410 remise·
868 4355 939 4412 llam
953 4357 982 4412 et
997 4352 1181 4424 Patriarchae,
1196 4356 1225 4412 sit
1245 4355 1406 4428 Propheta,
1424 4355 1446 4408 et
1529 4419 1530 4432 χ
