3124 5038
187 376 233 428 ‘lta
502 375 661 428 sortitus
678 373 810 428 ,rhetis
838 372 941 425 catut
969 371 1097 424 lxxxii

189 481 398 554 Respondetur,
416 482 573 540 secundnm
597 480 771 550 docuerim,

190 554 259 626 quia
272 570 336 610 cnm
351 554 422 610 tides
432 552 572 611 catholica
584 552 620 608 sit
633 550 773 608 sufficien-

187 629 233 682 ter
249 626 370 699 probata
390 641 440 698 per
460 624 595 684 miracula
618 621 721 681 Christi
745 629 774 679 et

188 697 388 769 Apostolorum
403 697 475 768 ejus,
487 713 544 753 non
568 699 681 768 oportet
699 693 774 752 ultra

188 768 264 824 banc
281 769 477 839 probationem
487 767 624 824 reiterare
639 765 771 838 amplius;

189 837 262 896 sicut
281 840 368 896 etiam
382 839 499 896 arbusta
511 854 575 896 cunr
591 837 682 909 primo
698 835 774 908 plan·

188 915 295 978 tantm,
321 911 483 981 frequenter
499 909 655 981 irrigantur
672 923 773 980 quous-

188 995 243 1053 que
269 980 445 1038 convaluisse
466 979 627 1049 rideantur,
642 995 705 1036 cum
721 995 772 1036 au·

188 1057 247 1108 tem
274 1050 305 1108 in
329 1057 407 1108 terra
424 1051 549 1110 radicem
564 1050 688 1120 llrerint,
705 1049 773 1107 talia

187 1123 405 1180 subtrahuntur.
421 1125 621 1180 Verumtamen
649 1124 723 1178 Deus
743 1120 774 1178 in

188 1195 311 1266 posteris
326 1195 503 1267 temporibus
517 1194 602 1250 ctiam
618 1193 706 1250 multa
719 1191 772 1258 mi·

187 1264 286 1322 racula
306 1264 372 1320 tecit
392 1265 429 1322 ad
449 1263 669 1322 consolationem
684 1263 774 1320 udeli-

189 1352 248 1406 nm,
262 1344 294 1393 ut
310 1340 387 1406 patet
405 1337 440 1394 de
463 1342 592 1409 ternpore
618 1337 772 1408 Martyrum

192 1411 221 1463 et
245 1407 458 1466 Conlessorum.
488 1407 571 1466 Fiunt
595 1412 703 1476 tamen,
727 1423 774 1462 se·

190 1481 316 1536 cundum
331 1483 463 1538 eumdem
477 1481 646 1549 lireporiem,
661 1476 773 1562 spiritu·

189 1549 274 1607 aliter
289 1568 363 1608 nunc
379 1551 408 1608 iu
423 1551 557 1620 Ecclesia,
573 1567 636 1623 quae
649 1551 775 1621 aliquan-

190 1621 227 1678 do
237 1623 424 1695 corporaliter
436 1623 580 1681 fiebantin
593 1638 637 1679 ea.
648 1623 717 1678 Nam
728 1635 774 1676 sa-

193 1695 323 1749 cerdotes
348 1693 484 1766 populum
508 1692 704 1760 exorcizando,
718 1693 775 1748 ba-

191 1762 335 1836 ptizando,
348 1769 376 1819 et
386 1764 423 1820 ad
437 1763 633 1836 poenitentiam
646 1762 774 1819 vocando

193 1833 335 1891 damonia
349 1833 483 1907 ejiciunt;
499 1835 623 1906 dumque
636 1832 776 1891 secularia

190 1906 278 1962 rerba
292 1904 496 1978 relinquentes,
510 1905 578 1963 fidei
596 1910 625 1963 et
645 1921 726 1962 novae
741 1907 778 1961 le·

193 1975 236 2049 gis
261 1977 396 2049 mysteria
415 1977 562 2047 insonant,
577 1976 679 2050 linguis
698 1975 777 2034 noris

191 2049 357 2121 loquuntur.
376 2047 429 2118 Qui
454 2049 522 2107 dum
547 2051 631 2107 bonis
657 2047 776 2106 suisex·

191 2119 402 2179 hortationibus
415 2120 485 2179 ritia
497 2126 526 2178 et
535 2121 671 2178 malitiam
684 2120 720 2176 de
730 2119 779 2176 ali-

195 2193 257 2249 enis
272 2192 405 2251 cordibus
422 2195 565 2264 aulerunt,
579 2199 716 2265 serpentes
730 2193 779 2248 tot

193 2264 264 2319 lent.
281 2265 314 2320 Et
331 2263 399 2322 dnm
415 2265 614 2322 hereticorum
634 2265 723 2321 libros
737 2264 777 2319 le-

194 2339 274 2404 gunt,
289 2335 333 2390 vel
347 2336 493 2393 mortifera
508 2335 537 2392 in
550 2335 777 2392 confessionibus

193 2419 244 2461 eeu
258 2406 407 2476 pestiferas
421 2405 568 2463 suasiones
582 2407 712 2473 audiunt,
727 2404 777 2462 sed

193 2479 288 2531 minen
304 2491 362 2531 non
378 2481 569 2543 consentiunt,
585 2482 613 2533 et
635 2477 670 2533 ad
690 2491 777 2548 prava

192 2560 251 2602 non
278 2547 503 2618 pertrabuntur,
527 2547 704 2604 mortiterum
735 2552 778 2603 est

831 492 916 552 super
928 491 1020 546 egros
1033 489 1136 532 manus
1151 471 1187 530 im

830 637 918 693 opera
938 618 1009 676 alios
1029 634 1046 676 a
1063 619 1186 690 peccatis
1213 615 1401 694 retrabunt,
1410 621 1436 669 et

831 691 955 750 inbonis
978 690 1160 748 confirmant.
1176 690 1212 744 Et
1238 690 1310 744 baee
1335 684 1435 741 simili-

830 768 874 820 ter
889 762 971 834 signa
985 759 1148 835 spiritualia
1164 765 1254 816 tanto
1285 762 1360 814 sunt
1380 771 1438 812 cor-

829 833 975 907 poralibus
990 833 1273 902 melioramentum
1292 832 1438 900 quaesunt

829 905 933 962 animae
948 902 1144 977 corporalibus
1154 903 1384 976 praeferuntur.

866 979 1037 1034 anourssm
1048 977 1172 1032 Srrnrrus
1185 975 1301 1032 Seueri
1314 973 1439 1028 Arosro
1531 1019 1535 1068 ί

829 1065 871 1105 ms
886 1065 979 1107 remu.
993 1047 1148 1104 -Deinde
1172 1044 1249 1102 dixit
1275 1043 1325 1100 eis
1345 1061 1355 1098 ε
1383 1044 1440 1123 ⁸Ver

829 1126 919 1178 aetem
934 1117 1094 1192 specialiter
1114 1121 1190 1187 estis,
1213 1116 1247 1172 id
1268 1119 1322 1172 est
1347 1117 1439 1195 eritis,

829 1198 909 1248 testes
935 1194 1044 1261 borum,
1058 1189 1165 1246 scilicet
1180 1203 1248 1260 quae
1271 1184 1398 1242 vidistis
1412 1189 1439 1238 et

829 1262 955 1328 audistis,
979 1267 1009 1320 et
1032 1277 1095 1334 quae
1110 1261 1221 1318 locutus
1237 1264 1276 1316 et
1293 1260 1439 1330 operatus

830 1351 893 1392 sum
908 1333 938 1391 in
957 1333 1051 1390 medio
1065 1331 1163 1402 vestri,
1178 1331 1221 1386 vel
1243 1331 1367 1386 horum
1386 1341 1439 1383 su-

829 1405 926 1480 perius
940 1405 1154 1477 descriptorum.
1166 1407 1320 1474 quantum
1334 1399 1376 1456 ad
1391 1399 1438 1480 le-

830 1494 864 1534 su
874 1476 978 1534 Christi
987 1474 1222 1542 incarnationem,
1232 1471 1437 1554 praedjcatro-

830 1565 906 1619 nem,
923 1547 1087 1605 Passionem
1107 1551 1136 1602 et
1155 1548 1435 1602 Resurrectionem.

832 1622 864 1676 Et
879 1636 915 1676 ne
936 1617 1041 1677 turbati
1057 1617 1215 1686 copitarent
1238 1634 1245 1672 :
1272 1612 1437 1682 Quomodo

831 1707 883 1748 nos
902 1690 1031 1748 homines
1041 1689 1136 1747 idiotas
1146 1687 1362 1745 testimonium
1375 1698 1439 1766 per-

831 1760 1136 1820 hibebimuchntibus
1153 1765 1181 1818 et
1194 1759 1323 1826 Judaeis,
1343 1772 1395 1840 qur
1407 1759 1435 1808 te

832 1833 1007 1902 occiderunt,
1026 1831 1195 1905 subjungit:
1213 1834 1250 1887 Et
1264 1847 1323 1900 epo
1340 1831 1434 1892 mette,

832 1903 862 1962 id
888 1910 930 1962 cst
954 1904 1065 1961 mittam
1089 1903 1145 1960 cito
1162 1909 1191 1960 et
1205 1902 1241 1959 de
1255 1899 1434 1978 propinquo

832 1976 964 2049 ponendo
975 1991 1101 2049 praesens
1111 1990 1163 2048 pro
1173 1975 1283 2044 tuturo,
1294 1982 1329 2030 et
1345 1975 1434 2051 retro

832 2063 868 2104 ne
897 2045 1086 2118 certitudinis,
1106 2053 1135 2104 et
1160 2049 1274 2103 ratione
1302 2054 1434 2124 prommr

832 2118 968 2191 temporis
982 2121 1150 2191 promissum
1174 2115 1256 2174 vobis
1283 2113 1431 2174 auxilium

832 2193 925 2246 Patris
944 2193 997 2246 ηιοι·
1015 2193 1046 2246 io
1067 2206 1125 2260 uos,
1154 2189 1184 2246 id
1212 2192 1256 2244 est
1282 2184 1430 2260 Spiritum
1536 2232 1537 2256 ,

833 2263 966 2320 Sanctum
981 2261 1010 2318 in
1022 2261 1102 2332 signo
1115 2259 1229 2331 visibili,
1246 2264 1278 2316 ut
1293 2254 1430 2316 sullicia·

832 2334 869 2390 tis
882 2333 919 2390 ad
931 2333 1092 2390 testandum
1109 2335 1186 2389 etad
1202 2328 1427 2403 praedicandum

833 2410 997 2462 constanter
1007 2405 1114 2476 ubique
1126 2403 1276 2461 veritatem
1291 2405 1427 2480 Evange-

833 2475 862 2532 lii
884 2475 948 2533 mei.
978 2475 1164 2533 Pater·enim
1183 2489 1249 2532 eum
1275 2471 1423 2546 promisit.

833 2563 898 2605 eum
911 2547 981 2604 dixit
995 2564 1001 2603 :
1015 2547 1168 2618 Effundunt
1187 2547 1220 2602 de
1234 2547 1352 2616 Spiritu
1366 2554 1423 2596 meo

830 566 865 606 ne
886 547 1040 618 babebunt,
1059 545 1108 618 qiri
1123 561 1175 618 per
1190 471 1434 602 ssggiliteiliaheei
1520 484 1523 550 i

213 2615 270 2672 uod
295 2617 407 2686 bibunt,
433 2617 484 2674 sed
506 2617 548 2674 eis
568 2632 625 2674 non
652 2617 775 2675 nocebit.

194 2631 247 2754 aui
261 2689 373 2770 quoties
396 2691 542 2760 proximus
556 2687 586 2746 in
600 2689 656 2746 ilde
669 2688 714 2746 rel
729 2690 777 2746 bo·

193 2773 231 2841 no
246 2773 331 2830 opere
346 2758 487 2817 rnllrmari
506 2759 692 2833 conspiciunt,
709 2761 776 2818 dum

195 2844 235 2886 ers
249 2835 310 2887 tota
330 2829 433 2889 virtute
453 2837 625 2890 concurrunt
644 2839 673 2889 et
686 2848 778 2890 erem·

832 2689 974 2763 promisit,
991 2690 1089 2746 dicens
1105 2706 1112 2744 :
1130 2691 1318 2748 cumvenerit
1331 2688 1422 2742 Paro·

833 2765 915 2818 clitus
930 2779 1009 2833 quem
1023 2777 1071 2831 epo
1085 2763 1195 2817 mittum
1207 2761 1286 2816 oobia
1296 2777 1315 2815 α
1326 2761 1422 2821 Putre,

833 2833 897 2890 ideo
923 2840 952 2890 et
979 2835 1063 2890 Pater
1078 2832 1217 2905 promisit,
1239 2847 1304 2887 cuin
1333 2839 1422 2900 opera

192 2902 238 2984 plo
264 2917 323 2958 suae
354 2904 437 2961 booae
460 2903 636 2976 operationis
662 2903 776 2961 illorum
832 2903 978 2961 Trinitatis
990 2904 1047 2960 sint
1062 2902 1194 2960 indivisa.
1203 2903 1255 2970 Qui
1271 2901 1342 2958 licet
1358 2911 1420 2982 pro·

192 2977 278 3029 ntem
294 2973 439 3045 roborant,
452 2975 495 3032 rel
518 2975 630 3033 animas
648 2975 776 3032 inllrmas
832 2974 907 3032 cedit
927 2977 963 3032 ab
986 2981 1118 3046 utroque,
1136 2981 1180 3032 est
1198 2981 1295 3030 tamen
1312 2977 1419 3034 ratres,

193 3042 444 3126 miserationibus
459 3052 574 3117 sanant,
589 3053 618 3104 et
642 3049 700 3104 lieo
724 3063 775 3104 re·
831 3051 998 3104 auctoritate
1013 3046 1184 3120 spirationis.
1201 3048 1235 3102 Et
1252 3061 1288 3101 ne
1304 3042 1418 3125 imper-

192 3114 357 3187 concrhant,
373 3133 458 3190 super
470 3133 562 3191 egros
575 3134 677 3176 manus
687 3119 775 3191 impo·
830 3117 895 3175 lecti
905 3119 1062 3192 praedicare
1075 3121 1292 3191 presumerent,
1307 3116 1417 3186 adjun-

193 3190 274 3258 nunt,
291 3192 321 3244 ut
346 3187 419 3246 bene
439 3190 573 3246 habeant.
591 3191 657 3258 Quae
685 3189 775 3246 nimi·
830 3188 890 3246 vit:
907 3193 961 3248 Vos
979 3195 1082 3260 eatena,
1103 3191 1150 3262 qui
1167 3186 1277 3246 debetis
1291 3202 1358 3243 esse
1377 3189 1417 3238 te-

192 3271 256 3315 rum
288 3258 426 3318 miracula
455 3265 535 3320 tanto
571 3263 680 3335 majora
711 3265 776 3317 sunt
829 3265 887 3318 stes
899 3261 967 3330 mei,
980 3263 1069 3318 sedete
1083 3264 1232 3318 etmanete
1246 3257 1336 3314 bicen
1352 3256 1416 3312 civi·

191 3334 297 3401 quanto
324 3331 528 3403 spiritualiora,
544 3336 572 3390 et
594 3337 702 3416 quanto
723 3347 776 3405 per
830 3337 885 3390 tote
898 3333 1069 3404 Jerusalem,
1084 3333 1263 3404 quoadusque
1276 3328 1415 3385 induemi-

192 3401 254 3457 baeo
269 3417 326 3458 non
344 3418 475 3475 corpora,
493 3403 541 3459 sed
564 3419 667 3460 anime
683 3402 773 3460 eusci·
828 3407 870 3474 oi,
884 3403 991 3461 scilicet
1009 3404 1137 3476 undique
1155 3409 1303 3473 tamqnam
1318 3414 1414 3457 arma-

193 3475 299 3529 tantur.
317 3475 349 3530 ln
375 3473 428 3530 boc
450 3473 536 3530 etiam
552 3472 727 3544 instruimur,
744 3479 775 3531 ut
828 3481 893 3532 tura
907 3475 1059 3548 spirituali,
1078 3480 1190 3542 uirtute,
1206 3489 1264 3529 non
1279 3473 1412 3550 humana

190 3544 267 3614 quod
288 3545 382 3601 verbis
397 3543 692 3618 praedicamus,bonis
710 3561 774 3618 ope·
829 3547 879 3604 sed
902 3547 1020 3617 coelcsti,
1052 3546 1080 3604 id
1108 3553 1150 3604 est
1173 3544 1293 3618 Spiritus
1320 3544 1413 3601 Sancti

192 3615 272 3696 ribus
295 3615 506 3700 confirmemus.
534 3618 615 3687 ltem,
633 3616 775 3700 damonia
828 3617 931 3700 gratia,
946 3620 1069 3702 coloreo,
1093 3617 1122 3674 id
1144 3622 1188 3700 est
1205 3617 1241 3672 de
1256 3614 1340 3673 coelo.
1358 3615 1414 3698 lloc

189 3689 774 3833 titilletinsistentibus
828 3690 1239 3830 tltltttttttblllls
1252 3689 1413 3818 titillo

189 3824 344 3896 loquuntur
368 3831 458 3902 novis,
475 3831 522 3904 qui
549 3831 599 3889 Dei
623 3833 721 3888 laudes
747 3835 775 3888 et
830 3831 974 3904 discipulis
994 3833 1154 3900 comedens,
1172 3837 1304 3906 pracepit
1322 3837 1362 3888 eis
1381 3828 1412 3886 et

193 3895 280 3978 rerba
294 3912 375 3979 saera
389 3911 519 3972 narrant,
530 3902 651 3960 dimissis
666 3901 774 3959 frivolis
827 3905 1004 3976 ierosolymis
1016 3921 1049 3960 oe
1063 3905 1242 3970 discederent,
1257 3905 1305 3962 sed
1317 3917 1412 3975 exspe-

191 3971 221 4024 et
236 3974 337 4024 otiosis
346 3987 354 4038 ς
372 3981 518 4044 serpentes
532 3975 648 4043 tollunt,
663 3977 711 4046 qui
727 3973 773 4030 de·
829 3981 934 4032 clarent
944 3979 1153 4047 promissionem
1164 3977 1264 4047 Petris,
1274 3991 1357 4047 quem
1368 3989 1412 4030 uu·

189 4043 328 4120 tractores
354 4041 509 4100 etllcaciter
537 4045 771 4117 reprehendunt3
828 4047 921 4116 distis,
936 4045 1037 4118 inquit,
1050 4063 1100 4119 per
1114 4063 1143 4102 os
1157 4061 1255 4104 meum.
1272 4045 1360 4114 Quasi
1374 4044 1411 4101 eis

190 4111 367 4193 mortiferum
381 4112 491 4183 bibunt,
506 4116 556 4170 sed
578 4115 619 4181 eis
641 4133 700 4172 uon
720 4131 771 4173 no·
801 4112 804 4159 l
829 4117 953 4176 diceret:
969 4118 1058 4174 ilicet
1071 4116 1110 4175 ibi
1121 4132 1179 4174 non
1193 4119 1262 4175 estis
1274 4116 1411 4174 sullicien·

189 4188 245 4252 cet,
258 4199 307 4255 qur
329 4183 527 4267 persuasiones
552 4185 700 4258 pestiferas
719 4202 771 4243 seu
828 4193 871 4246 tes
883 4193 919 4247 ad
934 4188 1148 4261 praedicandum
1164 4196 1329 4246 constanter
1340 4189 1411 4246 reri·

191 4270 290 4312 amara
318 4261 441 4314 convitia
464 4255 591 4325 audiunt,
611 4257 662 4314 sed
685 4261 771 4314 surda
827 4265 914 4318 tatem
946 4259 1101 4334 Evangelii,
1132 4260 1223 4316 donce
1253 4259 1409 4318 conllrmati

191 4341 261 4385 aure
276 4331 435 4400 transeunt,
443 4333 472 4386 et
484 4326 634 4401 pronihilo
646 4328 769 4400 ducunt;
800 4342 802 4394 t
827 4331 935 4390 lueritis
948 4332 1115 4404 pardonum
1127 4333 1250 4406 Spiritus
1263 4335 1370 4406 Sancti,
1383 4341 1411 4394 ut

1524 582 1525 593 ,

1525 604 1526 635 l

1525 636 1528 683 l

832 2636 915 2691 super
932 2635 1036 2676 omnem
1049 2633 1172 2688 eurwm3
1188 2627 1216 2674 et
1244 2615 1317 2688 quia
1337 2611 1425 2671 Filius
1536 2623 1537 2634 ¹
