3036 5042
83 361 99 415 8
414 358 568 412 SUGUNDAE
595 358 714 412 Ptnrls
743 357 842 412 UlPUl'
869 356 957 411 hl'lll

724 461 963 545 tantumspecies,
978 477 1035 518 non
1050 459 1137 519 etiam
1154 477 1310 519 numerum
1332 437 1336 448 ’

86 464 135 522 tiae
157 477 268 520 summa
290 460 468 534 exprimitur,
486 467 514 520 et
528 479 603 520 rerae
617 478 669 536 pa·

86 534 195 593 tientiae
210 535 346 608 perfectio
358 534 501 607 experitur
516 534 669 606 :primum

86 611 131 665 est
146 621 242 662 rerum
254 604 361 664 ablatio
372 613 400 662 et
415 604 553 676 nudati03
569 622 670 663 secun·

87 679 168 746 dum,
185 681 364 750 contemptus
377 682 405 733 et
419 676 530 748 irrisio;
543 677 669 746 tertium,

86 764 174 824 poena
188 755 217 806 et
229 747 385 830 corporalis
395 747 523 818 aillictio,
537 765 601 820 quae
612 763 669 805 onr-

87 819 137 877 nia
162 818 190 875 in
219 820 331 876 Christo
356 819 476 876 Domino
502 819 617 877 luerunt
639 819 668 876 in

88 906 210 948 summo.
222 890 349 947 Nudatus
359 897 429 948 esta
443 890 667 960 crucifixoribus,

87 961 128 1019 ita
143 967 174 1018 ut
195 977 247 1017 nec
265 961 413 1018 femoralia
431 960 460 1018 in
485 978 518 1019 eo
535 978 667 1019 remane·

87 1040 162 1100 rent,
179 1032 256 1103 quod
281 1031 350 1088 nulli
376 1047 509 1105 umquam
524 1033 668 1090 latronum

87 1103 193 1161 iactum
208 1103 294 1161 luisse
310 1102 439 1175 legimus,
456 1110 485 1160 et
508 1103 669 1176 panniculis

89 1189 107 1232 a
121 1177 168 1247 pia
185 1176 274 1231 Matre
300 1190 351 1232 sua
366 1191 422 1232 non
436 1175 593 1248 incongrue
607 1191 669 1232 cre·

88 1246 165 1303 ditur
181 1245 333 1303 involutus.
348 1247 458 1303 Nudam
470 1263 538 1318 ergo
557 1263 668 1304 crucem

87 1315 129 1373 ita
144 1317 237 1373 nudus
261 1318 400 1388 ascendit,
413 1323 445 1374 ut
466 1321 490 1374 si
509 1333 561 1391 per
580 1318 670 1400 sepul·

89 1389 189 1444 chrum
200 1387 276 1445 illius
290 1394 395 1445 terram
410 1393 530 1446 matrem
543 1405 669 1446 omnium

89 1473 240 1531 corporum
263 1458 382 1516 velimus
405 1460 576 1531 intelligere,
594 1465 670 1517 recte

88 1529 179 1603 possit
201 1529 228 1587 ei
251 1535 278 1586 et
304 1532 340 1587 ad
361 1530 495 1596 litteram,
517 1531 669 1588 convenire

88 1601 166 1673 quod
180 1607 294 1658 sanctus
312 1602 365 1660 tob
384 1602 447 1658 ait:
462 1603 561 1661 Nudus
578 1619 668 1672 opres-

87 1689 135 1729 sus
152 1689 213 1728 sam
229 1673 351 1730 deutero
367 1677 466 1730 matris
481 1691 556 1738 mea,
573 1680 598 1730 et
616 1691 668 1730 nu·

88 1743 141 1800 dac
155 1749 279 1800 reuertar
292 1746 370 1801 illuc.
390 1745 469 1802 Unde
482 1747 644 1802 Ambrosius
659 1763 668 1800 ε

91 1836 104 1866 ι
122 1816 221 1871 Restat
244 1814 334 1882 icitur
354 1815 538 1873 considerare
557 1831 669 1873 crucem

87 1885 224 1942 Dominus
238 1885 328 1957 qualis
343 1887 486 1944 ascendat.
502 1887 613 1945 Nudum
629 1886 669 1943 ri·

90 1957 155 2014 deo.
171 1957 247 2013 'talis
269 1973 337 2028 ergo
362 1960 508 2028 ascendat,
523 1959 571 2030 qui
592 1975 670 2016 secu-

89 2028 149 2084 lum
168 2027 283 2086 vincere
307 2035 418 2102 pensat,
434 2034 464 2086 ut
483 2030 570 2087 seculi
592 2031 670 2099 adju·

90 2103 188 2156 menta
205 2115 262 2156 non
278 2106 395 2172 quaerat.
413 2100 508 2158 Victus
523 2107 567 2158 est
579 2102 668 2160 Adam

91 2169 140 2241 qui
156 2170 473 2244 vestimentaquaesirit‚
487 2173 554 2230 vicit
564 2172 668 2244 illequi

90 2243 668 2316 tegumenudeposuit.srlatisascendit,

90 2313 190 2384 quales
204 2330 265 2382 uos,
282 2320 397 2372 auctore
414 2317 481 2384 Deo,
498 2325 600 2372 natura
615 2317 670 2372 ior·

90 2385 280 2441 maritimis
307 2385 337 2441 in
360 2386 491 2457 paradiso
506 2388 592 2443 horno
610 2388 669 2459 pri·

91 2471 153 2512 mus
169 2455 357 2524 habitaverat,
373 2456 438 2512 talis
452 2459 488 2513 ad
506 2457 670 2530 paradisum

90 2524 176 2582 horno
191 2526 330 2584 secundus
344 2527 461 2584 intrarit
477 2545 484 2584 ε
500 2550 515 2580 »
528 2530 590 2585 haec
603 2530 670 2584 Am·

91 2597 208 2652 brosius.
223 2629 254 2642 -
271 2598 327 2655 Sed
342 2598 406 2670 quis
422 2615 538 2657 narrare
550 2599 673 2656 sultlciat

90 2668 187 2738 qualia
201 2673 230 2726 et
255 2675 359 2740 quauta
377 2669 511 2738 ludibria,
533 2670 625 2743 qualis
645 2675 674 2727 et

90 2739 674 2823 quantusaquihusetaqualibuspassus

90 2810 148 2866 siti
160 2812 226 2868 Haec
236 2827 312 2868 eorm
323 2818 351 2868 et
365 2827 382 2868 a
394 2820 475 2884 parte
489 2813 633 2885 patientis,
645 2819 674 2870 et

91 2890 204 2953 aparte
227 2882 388 2952 inferentis,
405 2892 435 2941 et
454 2892 564 2956 aparte
580 2885 672 2942 illato-

89 2969 153 3010 rum
164 2955 312 3026 pensanda
319 2964 395 3024 sunt,
407 2971 458 3012 nec
472 2959 570 3025 aliter;
583 2961 612 3012 et
622 2956 674 3014 uti-

92 3039 172 3094 nam,
186 3025 230 3082 vel
245 3025 286 3082 sic
300 3025 386 3096 digne
407 3027 519 3098 pensari
540 3027 671 3100 possiutl

90 3095 161 3153 Vide
176 3095 273 3168 qualia
298 3112 399 3169 passus
413 3104 462 3155 est.
481 3099 590 3156 htenirn
610 3115 673 3156 cum

90 3166 194 3238 gladiis
209 3175 237 3224 et
251 3169 373 3226 testibus
386 3175 531 3242 tamquam
540 3171 577 3227 ad
590 3172 674 3228 latro-

90 3253 157 3294 nem
171 3237 302 3297 euierunt
317 3243 561 3313 comprehendere
587 3258 671 3312 euur;

90 3309 212 3368 traditus
225 3319 279 3381 est,
299 3320 409 3396 captus,
425 3314 538 3384 lirratus,
553 3314 672 3384 relatus,

92 3387 257 3453 consputus,
269 3383 359 3457 alapis
372 3392 400 3441 et
417 3386 544 3457 colaphis
570 3401 671 3453 caesus,

89 3458 257 3526 accusatus,
274 3455 303 3511 in
318 3461 395 3512 veste
412 3457 477 3512 alba
499 3456 610 3524 illusus,
626 3457 675 3512 lla-

88 3523 220 3594 gellatus,
235 3540 359 3598 purpura
378 3528 407 3582 iu
430 3525 614 3599 opprobrium
625 3526 674 3582 in-

91 3597 187 3664 dutus,
196 3595 286 3668 spinis
296 3605 458 3666 coronatus,
471 3596 609 3654 arundine
621 3613 672 3670 pro

88 3672 201 3738 sceptro
222 3665 390 3738 insignitus,
405 3673 434 3726 et
448 3668 540 3741 capite
574 3685 673 3726 ercus·

89 3751 149 3805 sus,
165 3738 303 3820 derisorie
326 3739 462 3796 adoratus
477 3745 506 3798 et
519 3685 669 3810 scrutatus,

87 3823 122 3865 ac
141 3809 238 3890 inultis
254 3809 319 3866 aliis
333 3810 514 3868 illusionibus
527 3817 555 3868 et
571 3817 672 3869 contu·

87 3879 182 3936 meliis
200 3880 329 3950 allectus,
345 3887 373 3937 et
392 3882 507 3940 demum
528 3883 604 3941 eruci
628 3891 673 3940 est

87 3949 200 4034 atilius.
224 3953 265 4008 ad
285 3955 538 4034 consummandam
567 3954 671 4037 quippe

85 4021 211 4079 hominis
242 4023 444 4094 humilitatem,
478 4024 613 4082 universa
640 4043 670 4082 1n

86 4110 153 4151 eum
168 4095 406 4152 contumeliarum
423 4113 532 4167 genera
551 4113 671 4154 exerce-

85 4167 199 4237 bantur.
221 4165 276 4223 Sed
296 4166 360 4238 quis
382 4168 460 4224 novit
482 4173 588 4239 quanta
604 4184 670 4241 pas·

86 4236 671 4297 susest‘lCredimuseuimsanctosllran·

86 4308 205 4380 gelistas
223 4308 372 4367 breuitatis
395 4326 482 4368 causa
506 4313 670 4370 irrisionum

726 532 1311 606 expressisseouisenimscire,uulsnar·

725 621 790 662 rare
804 605 960 674 sufficeret,
970 609 1040 676 quot
1050 611 1078 661 el
1089 604 1239 676 quotiesin
1250 610 1313 661 tan·

725 681 755 733 ta
776 675 969 740 multitudine,
999 691 1062 748 quae
1089 683 1156 732 tunc
1174 675 1214 732 ibi
1238 679 1311 745 erat,

726 762 790 805 eum
802 747 970 804 irriserunt?
980 749 1010 804 ln
1022 752 1209 830 augmentum
1220 745 1308 804 etiam

725 817 866 876 irrisionis
881 827 909 877 ct
924 819 1113 885 verecundrae,
1133 816 1309 875 contusionis

727 889 936 961 etiguomiuiae
950 889 1068 956 accedit,
1087 889 1133 946 ubi
1150 895 1179 946 et
1193 891 1309 962 quaudo

726 978 828 1034 passus
840 967 893 1018 est.
910 960 961 1018 Ubi
973 962 987 1018 l
998 960 1099 1032 Utique
1115 959 1191 1018 inter
1206 973 1309 1032 cogua‘·
1372 979 1376 984 ·

727 1040 781 1102 tos,
799 1037 827 1088 et
846 1037 940 1101 notos,
960 1030 990 1089 in
1005 1031 1173 1100 ierusalem,
1192 1031 1222 1088 in
1239 1031 1309 1088 civi-

726 1110 785 1162 tate
800 1103 889 1175 regia,
902 1103 1010 1161 famosa
1024 1111 1053 1160 et
1065 1103 1214 1175 populosa,
1231 1107 1311 1160 extra

726 1181 849 1250 portam,
866 1174 895 1231 in
907 1175 969 1232 loco
988 1173 1145 1247 punitionis
1159 1173 1309 1232 scelerato·

726 1263 802 1315 runi,
818 1246 925 1303 scilicet
937 1248 966 1302 in
980 1245 1042 1302 loco
1057 1244 1193 1304 Calvariae
1211 1245 1310 1302 ioetido

727 1323 755 1375 et
769 1317 926 1386 immundo,
935 1315 983 1374 ubi
1000 1317 1204 1374 occidebantur
1217 1315 1310 1374 homi-

727 1388 797 1447 cidae
820 1394 849 1445 et
867 1389 1002 1445 latrones.
1019 1389 1094 1444 ubit
1114 1390 1146 1444 In
1162 1388 1255 1446 medio
1269 1387 1311 1445 la·

728 1465 854 1528 tronum,
875 1459 904 1516 in
933 1475 1016 1516 cruce
1036 1458 1116 1530 quasi
1142 1459 1179 1516 ad
1200 1463 1312 1531 specta·

728 1532 822 1588 culum
844 1531 1019 1594 elevabatur,
1042 1530 1177 1588 tlentibus
1198 1529 1309 1598 amicis,

727 1609 756 1660 et
779 1602 983 1660 insultantibus
1011 1601 1144 1658 inimicis.
1174 1603 1311 1670 Quando?

728 1677 759 1731 ln
776 1676 919 1747 praecipua
936 1673 1116 1730 solemnitate
1135 1674 1310 1738 ludaeorum,

727 1745 763 1803 ad
783 1761 867 1817 quarn
883 1751 999 1827 propter
1010 1747 1199 1802 reverentiam
1214 1744 1312 1816 templi

727 1823 756 1874 et
770 1817 1019 1889 pulchritudinem,
1033 1821 1061 1872 et
1080 1823 1196 1888 propter
1211 1815 1313 1872 testivi-

726 1893 813 1944 tatem
838 1887 930 1960 ipsam
952 1887 1114 1944 confluebat
1136 1902 1194 1943 non
1219 1887 1312 1942 solum

727 1975 760 2016 ex
775 1959 885 2029 ludaea,
908 1974 1007 2015 verum
1032 1957 1118 2016 etiam
1137 1973 1170 2014 ex
1191 1955 1312 2014 dirersis

727 2031 858 2088 Gentium
889 2030 1063 2097 nationibus,
1091 2028 1212 2086 maxima
1239 2027 1312 2084 mul-

726 2102 829 2170 titudo,
846 2106 875 2158 et
897 2117 960 2173 quar
989 2101 1111 2158 maxime
1131 2099 1180 2157 illa
1205 2099 1251 2156 die
1274 2099 1311 2155 ad

726 2177 839 2230 tantiam
868 2173 1060 2244 spectaculum
1093 2172 1281 2228 concurrebat
1304 2187 1311 2240 ;

727 2261 822 2302 coram
841 2245 944 2316 quibus
959 2245 1097 2301 Dominus
1111 2251 1210 2300 noster
1235 2241 1311 2299 ludi-

726 2315 788 2373 brio
804 2315 957 2388 expositus,
971 2315 1104 2374 omnibus
1117 2315 1312 2386 spectaculum

726 2388 816 2444 tactus
826 2393 876 2444 est.
895 2418 923 2429 -
935 2387 989 2444 Sed
1000 2387 1035 2444 de
1046 2387 1198 2444 altlictione
1212 2400 1311 2458 corpo-

725 2458 778 2516 rali
791 2500 799 2528 ,
814 2457 881 2530 quid
897 2457 999 2516 dicturi
1014 2459 1130 2516 sumus?
1144 2459 1215 2516 Caro
1234 2456 1311 2514 enirn

727 2532 830 2587 Christi
842 2529 1005 2587 beatissima
1015 2536 1100 2603 atque
1113 2528 1311 2610 mundissima,

728 2607 834 2673 quanto
847 2610 950 2658 natura
960 2604 1177 2674 purior,quanto
1189 2602 1225 2657 ab
1234 2615 1311 2680 omui

730 2674 791 2729 labe
802 2673 911 2746 peccati
928 2671 1067 2730 sincerior
1082 2673 1147 2736 luit.
1163 2678 1241 2729 tauto
1261 2677 1312 2726 utr-

770 2761 785 2800 e
801 2743 962 2816 passibilior
980 2745 1087 2801 exstitit
1103 2744 1140 2802 ad
1156 2747 1310 2800 tormenta.

754 2815 808 2872 nde
822 2817 852 2871 in
872 2831 994 2887 persona
1011 2815 1099 2888 ipsius
1118 2813 1258 2874 ieremias
1273 2815 1312 2870 la·

730 2887 920 2956 meutabatur,
931 2885 1030 2943 dicens
1042 2905 1049 2943 ι
1062 2889 1139 2945 Ouos
1149 2902 1251 2954 omnes,
1262 2888 1312 2956 qui

730 2961 858 3014 transitis
870 2975 920 3030 per
930 2961 1014 3022 uiam,
1026 2959 1162 3015 attendite
1172 2965 1198 3012 et
1209 2957 1312 3026 uidete,

729 3031 755 3085 si
770 3035 810 3085 est
823 3029 910 3090 dolor.
928 3033 1001 3086 sicul
1018 3031 1098 3086 dolor
1115 3032 1205 3086 meust
1224 3027 1311 3096 Quasi

729 3099 863 3157 diceret:
884 3103 955 3158 Non.
980 3101 1113 3168 Quamvis
1133 3100 1210 3157 enim
1229 3099 1310 3156 multi

729 3175 865 3244 Martyres
880 3172 971 3229 multa
987 3178 1016 3230 et
1033 3187 1137 3245 magna
1152 3176 1310 3228 tormento·

730 3259 793 3300 rum
808 3245 883 3315 passi
898 3249 965 3300 sunt
978 3259 1095 3316 genera,
1111 3243 1204 3300 nullus
1214 3249 1312 3300 tamen

729 3315 756 3370 in
768 3329 854 3370 carue
864 3331 897 3371 eu
907 3321 1023 3386 peccato
1032 3322 1235 3388 corrupta,tam
1245 3329 1311 3370 seu-

728 3383 819 3467 sibilis
835 3401 897 3442 esse
912 3386 1005 3468 potuit
1014 3389 1050 3442 ad
1061 3392 1222 3454 tormenta;
1240 3383 1311 3457 quin

728 3463 825 3526 etiam,
837 3473 902 3514 cum
911 3474 971 3528 ipse
980 3461 1117 3530 Martyres
1128 3457 1232 3514 suosin
1246 3472 1313 3528 pes-

729 3527 857 3585 sionibus
877 3545 935 3586 non
951 3529 1044 3586 solum
1061 3528 1249 3596 roboraverit,
1268 3543 1313 3584 re-

728 3616 792 3656 ruui
807 3601 892 3656 etiam
910 3599 1002 3670 ipsum
1016 3601 1144 3657 dolorem
1165 3599 1313 3671 mitigave-

728 3673 775 3738 rit,
794 3677 844 3727 aut
861 3676 937 3728 certe
956 3670 986 3727 in
999 3671 1180 3743 reingerium
1194 3679 1222 3728 et
1237 3671 1313 3728 oble·

727 3746 903 3799 clementum
923 3743 1090 3814 frequenter
1114 3741 1315 3800 conveniadt

727 3813 857 3885 quamvis
872 3815 932 3870 haec
952 3813 1124 3887 Martyribus
1151 3815 1211 3870 suis
1235 3813 1314 3870 Chri·

726 3891 787 3940 stus
801 3900 834 3941 ex
849 3885 975 3956 potentia
987 3885 1142 3942 divinitatis
1157 3884 1314 3942 contulerit

727 3955 877 4018 beneficia,
891 3959 937 4028 pie
952 3963 1047 4013 tamen
1064 3957 1217 4014 credimus.
1234 3962 1263 4012 et
1278 3955 1313 4011 n-

726 4026 875 4084 dueialiter
888 4028 1068 4094 confitemur,
1085 4045 1160 4096 eum,
1173 4044 1230 4084 non
1245 4026 1312 4095 sibi,

726 4097 780 4154 hoc
800 4104 844 4156 est
863 4115 922 4156 suae
948 4099 1118 4156 humanitati
1139 4099 1312 4156 beneficium

725 4169 779 4226 hoe
827 4171 991 4240 raestitisse;
1019 4173 1069 4228 sed
1097 4169 1126 4227 in
1148 4187 1236 4228 carne
1262 4171 1311 4227 illa

725 4255 793 4296 mun
814 4241 922 4306 issima,
939 4250 1077 4314 quantum
1100 4241 1229 4300 dolorem
1254 4259 1312 4300 na-

724 4310 856 4370 turaliter
868 4313 1010 4371 sustinere
1017 4313 1120 4389 potuit,
1136 4320 1249 4372 tantum
1262 4331 1311 4375 us-
