3036 5042
187 409 221 464 26
538 407 696 464 ebulliebat
721 407 845 462 libris
871 405 972 458 claui
999 406 1060 461 ΗΧ

193 514 321 590 prorimo
336 529 389 572 auo
404 513 583 586 promittitet
596 533 655 574 non
665 521 774 588 serrat;
832 514 957 590 prolbitr
973 529 1050 572 nunc
1064 517 1163 572 antem
1175 511 1206 569 ln
1222 517 1346 570 mortem
1359 513 1421 586 ejus

189 587 244 658 vel,
257 585 453 644 fraudulenter
476 587 619 645 adulatur.
635 593 666 646 ln
681 591 775 718 selgae
831 603 913 646 arma
925 591 1039 659 parant,
1054 590 1084 643 el
1097 585 1133 642 ad
1149 583 1340 642 occidendum
1353 601 1419 642 eum

189 659 276 718 eliam
291 660 380 715 Deum
394 657 511 728 salutat,
525 665 554 717 al
566 661 664 718 osculo
675 665 721 718 tra
744 663 776 731 it,
831 675 862 717 ee
876 665 1001 716 armant.
1015 689 1051 700 -
1065 655 1177 715 Similes
1191 655 1279 713 etiam
1291 661 1358 713 sunt
1369 657 1419 713 isti

77 750 82 768 ⁶
189 728 776 804 quiorediciteanoaaaDeumetcredere
830 729 975 804 poditoree
1001 727 1145 804 Caimqui
1171 728 1253 786 fratri
1280 743 1333 784 suo
1356 727 1419 786 sine

190 803 220 861 ln
247 818 325 870 eum,
351 804 437 868 tontis
461 807 552 859 auton
578 809 672 874 naqut.
693 807 774 872 llam,
831 818 917 860 causa
931 801 1042 870 inridit,
1053 806 1082 859 et
1092 799 1185 882 ipsum
1198 799 1246 872 qui
1261 799 1331 856 nihil
1349 799 1418 856 mali

189 891 254 932 oum
265 877 279 931 J
284 871 498 934 udeDominum
511 875 625 942 salutat,
639 881 669 932 et
679 877 775 934 osculo
830 873 882 932 sibi
897 875 1004 931 lecerat
1018 872 1132 930 occidit.
1144 871 1214 928 Cain
1230 871 1335 953 quippe
1351 873 1420 930 edu·

187 946 286 1015 tredlt,
311 943 359 1016 qul
378 960 442 1001 oum
466 945 581 1003 mortali
601 952 716 1019 peccalo
739 947 777 1004 ad
830 946 1098 1003 ritlratremsuum
1109 943 1417 1000 hbelemrerbtsblan·

188 1019 296 1088 Corpus
312 1015 425 1080 Domini
437 1017 556 1074 accedit.
569 1049 602 1062 -
614 1019 775 1076 Secundum
831 1021 874 1075 die
891 1023 919 1074 et
934 1017 1066 1074 eductum
1082 1013 1237 1074 crudeliter
1250 1013 1416 1084 interlecil3

190 1093 282 1160 est,ut
296 1087 440 1144 discamus
454 1088 597 1160 patienter
618 1091 694 1148 terro
708 1107 775 1148 ma·
830 1091 871 1147 sic
898 1095 928 1146 et
954 1088 1043 1146 ludas
1070 1085 1166 1143 verbis
1191 1084 1307 1142 blandis
1333 1085 1418 1142 Chri·

188 1160 281 1216 lorum
295 1158 446 1216 hominum
464 1159 685 1228 fraudulentias,
703 1161 775 1219 sicul
830 1166 915 1230 stum,
936 1160 1055 1216 iratrem
1084 1164 1225 1225 nostrum,
1250 1162 1279 1214 el
1305 1163 1418 1228 patrem

188 1230 320 1288 Christus
355 1229 479 1288 aliantar
494 1231 630 1290 sustinuit
644 1233 775 1306 prodito·
830 1230 973 1300 ululavit,
991 1236 1020 1288 et
1037 1229 1169 1288 hostibus
1185 1229 1222 1286 ad
1237 1227 1418 1286 interficien-

187 1301 228 1359 ris
243 1301 288 1359 aui
307 1246 445 1360 fallacias.
471 1335 504 1348 -
527 1303 655 1362 Tertium
672 1309 727 1376 est,
742 1311 775 1364 ut
827 1306 896 1362 dum
911 1303 1043 1375 nequiter
1077 1299 1251 1358 resentavit.

187 1372 408 1431 calumniatores
436 1375 519 1432 nobis
542 1377 650 1434 melum
668 1375 773 1450 lmpre·
867 1397 899 1434 ao
919 1377 1028 1432 Danaos
1055 1318 1138 1430 Barna
1169 1390 1197 1429 ru
1223 1387 1418 1428 aeonanranno

189 1450 288 1502 cantos
303 1461 360 1502 nou
374 1444 522 1516 odientem
535 1449 586 1504 sed
598 1448 723 1506 amantis
736 1449 776 1505 el·
829 1451 941 1505 Manena
960 1465 979 1503 a
996 1447 1114 1503 Canrsro
1130 1461 1366 1502 narnennnnrroa.
1384 1475 1419 1488 -·

187 1517 273 1588 lectu,
291 1517 419 1589 exemplo
434 1517 550 1589 Chrisll,
566 1536 616 1576 eos
631 1519 775 1592 corripio·
829 1522 873 1590 Et,
895 1533 959 1576 eum
987 1519 1089 1575 Petrus
1116 1515 1218 1574 ceteris
1246 1515 1417 1586 ardentior,

187 1603 261 1646 mue.
274 1619 308 1635 --
321 1590 352 1645 ln
367 1589 519 1647 recolendo
533 1591 609 1648 bunc
620 1591 774 1650 articulum
829 1607 911 1649 servo
925 1588 1085 1658 Pontillcls,
1095 1587 1140 1645 cui
1157 1603 1263 1644 nomen
1276 1593 1338 1644 erat
1349 1589 1419 1645 blal-

188 1659 224 1717 de
233 1660 303 1718 lalso
312 1659 507 1730 osculoludae,
517 1663 775 1736 poterilbomopar
830 1660 961 1734 chus,qui
970 1661 1006 1717 ad
1015 1660 1160 1718 Christum
1173 1659 1345 1730 capiendum
1358 1675 1419 1716 ma·

187 1733 362 1788 contrarium
375 1747 440 1788 cum
455 1731 569 1790 sincera
584 1734 641 1790 ilde
650 1741 679 1790 et
692 1737 775 1791 dovo-
829 1735 873 1818 gis
886 1736 921 1790 de
935 1749 1022 1804 prope
1037 1748 1068 1789 sc
1079 1731 1236 1804 ingerebat,
1250 1735 1279 1788 et
1292 1731 1418 1788 lerenius

187 1804 265 1858 tlone
285 1802 408 1860 osculari
426 1803 514 1875 pedes
537 1804 684 1876 Crucillri,
699 1805 774 1862 indi·
829 1802 1126 1872 1nstnbat,eurlcnlam
1135 1803 1264 1859 dextram
1275 1803 1311 1858 ob
1322 1803 1419 1860 zelum

189 1889 276 1946 gnum
307 1891 338 1936 se
365 1879 501 1944 reputans
519 1876 617 1934 osculo
642 1877 712 1946 oris,
738 1877 775 1934 ad
829 1880 1015 1952 amputasset,
1035 1881 1139 1947 putens
1154 1889 1218 1930 eum
1229 1873 1419 1944 megislaede·

189 1945 265 2018 quod
279 1945 328 2002 ille
339 1945 436 2002 intelix
448 1947 538 2004 ludas
552 1948 689 2007 accedere
705 1965 776 2022 praa·
829 1965 860 2006 re
875 1955 903 2006 et
915 1947 1042 2020 graviter
1053 1947 1214 2013 vulnerare,
1231 1945 1275 2001 vel
1289 1944 1315 2002 ei
1332 1951 1419 2028 caput

188 2017 318 2090 sumpsit.
335 2017 416 2086 Quod
430 2018 453 2074 ei
466 2017 624 2094 imaginem
639 2020 773 2080 crucifixi
829 2025 979 2093 amputare
1005 2025 1034 2076 et
1052 2017 1226 2085 interlicere,
1247 2016 1297 2074 sed
1319 2016 1418 2074 diune

188 2094 255 2146 ante
282 2107 312 2148 ee
329 2105 388 2146 non
408 2091 523 2162 habeat,
549 2091 696 2150 osculetur
715 2099 773 2150 ter·
829 2090 1016 2164 dispositione
1031 2089 1104 2147 ictus
1119 2087 1272 2146 declinavit
1291 2093 1319 2145 et
1334 2090 1417 2146 rela-

187 2176 261 2231 ram,
271 2165 507 2235 repraesentando
521 2167 575 2221 hoo
592 2164 681 2234 idem,
695 2169 724 2221 et
740 2180 773 2222 a·
828 2180 896 2292 psus
913 2169 957 2220 est
980 2161 1017 2218 ad
1031 2176 1141 2243 aurem,
1162 2159 1298 2217 Dominus
1312 2175 1417 2242 eume

187 2232 252 2290 llter
266 2243 351 2306 prout
365 2235 441 2292 Deus
458 2235 609 2308 inspirabit
627 2238 775 2296 :ODomt-
839 2233 946 2292 aesione
972 2234 1199 2290 adversariorum
1228 2237 1415 2304 compescuit,

185 2321 220 2361 ne
233 2308 307 2370 daea,
323 2309 373 2376 qul
387 2323 404 2360 n
416 2307 490 2362 dudo
509 2310 602 2364 osculo
616 2310 695 2364 tandi
710 2325 774 2381 par-
829 2307 928 2364 dicens
940 2322 947 2362 ι
957 2307 1086 2363 Gonoerta
1098 2303 1224 2374 gladium
1240 2307 1318 2359 taum
1331 2307 1363 2359 a'n
1374 2305 1415 2360 lo‚

189 2379 291 2441 tulisti,
313 2377 350 2432 dn
367 2379 440 2434 mitri
458 2393 610 2449 numquam
629 2382 660 2436 tn
675 2382 774 2450 pront-
828 2395 890 2436 oum
917 2393 1008 2440 suum,
1034 2393 1086 2434 seu
1103 2379 1134 2432 in
1159 2378 1307 2444 uaptnoma
1327 2374 1416 2432 veluti

186 2463 240 2511 ma,
260 2450 304 2504 oei
317 2451 348 2504 in
374 2451 542 2520 memetipso,
559 2455 585 2506 ta
599 2451 729 2518 traderer
749 2455 775 2508 ct
829 2467 886 2507 non
901 2455 975 2506 esset
998 2449 1076 2506 locus
1091 2445 1275 2516 detensionis,
1295 2447 1346 2502 sed
1362 2462 1416 2518 pa·-

185 2519 435 2575 oolumntotora'bua
448 2523 527 2586 mna,
552 2527 578 2577 et
595 2523 773 2580 insidiatori-
828 2520 948 2591 tientiae,
964 2535 1017 2577 nec
1028 2519 1054 2577 ei
1067 2519 1160 2576 licitus
1174 2533 1242 2576 usus
1254 2517 1341 2589 gladii
1356 2533 1415 2574 ma·

188 2589 248 2660 bue,
270 2607 303 2646 ao
321 2591 512 2663 proditoribus
532 2595 655 2668 [rotoni
670 2596 775 2650 oowaia
829 2591 946 2650 lerialis.
962 2591 1046 2660 Quasi
1060 2591 1186 2648 diceret:
1201 2589 1263 2646 lloll
1274 2603 1308 2646 eo
1320 2591 1363 2646 uli
1377 2589 1413 2646 ad

189 2663 313 2732 officium
327 2678 504 2730 donnapetra.
829 2663 1022 2722 defensionem
1046 2678 1152 2732 meam,
1170 2661 1238 2736 quia
1264 2677 1322 2718 non
1347 2659 1415 2716 licet

226 2754 257 2806 ¹9
269 2735 377 2794 Freunre
388 2750 546 2790 rnonrronre
559 2750 706 2792 oscunr.-
717 2739 774 2794 leta
828 2736 895 2793 viris
910 2734 1073 2808 apostolicis
1090 2734 1132 2792 uti
1146 2733 1241 2806 gladio
1257 2731 1412 2790 materiali.

189 2809 286 2861 autem
304 2803 402 2876 iniqua
417 2804 548 2863 salutatio
564 2806 676 2864 Christo
700 2809 774 2867 lanta
829 2807 881 2866 Ubi
894 2805 1145 2874 considerandum,
1160 2804 1317 2862 secundum
1328 2805 1415 2874 cerq-

188 2874 256 2932 olim
270 2876 322 2932 luit
337 2878 365 2932 in
383 2877 455 2934 doeh
472 2882 501 2934 et
517 2879 622 2935 Amase
640 2880 773 2952 praetlgu·
827 2885 985 2941 aoatomum.
1007 2878 1084 2960 quod
1101 2877 1166 2934 licet
1183 2875 1312 2934 Christus
1326 2875 1413 2932 Patro

187 2951 259 3004 rata.
279 2949 350 3004 lneb
365 2949 497 3008 hmasam
514 2949 652 3019 salutans,
674 2951 773 3009 dolosa
828 2955 857 3008 et
875 2951 939 3008 aliis
951 2950 1096 3022 discipulis
1112 2947 1189 3020 prius
1205 2945 1349 3020 precepit,
1363 2945 1414 3003 di-

186 3023 282 3076 menta
311 3020 429 3076 fratrem
459 3021 596 3090 vocabam
627 3027 654 3078 et
681 3023 772 3080 ludas
827 3039 916 3080 consa
936 3024 968 3080 Si
995 3024 1058 3093 quia
1080 3028 1106 3078 te
1121 3022 1288 3092 percusserit
1302 3020 1332 3074 io
1347 3017 1413 3076 dec-

187 3089 330 3148 Cbristum
344 3091 483 3162 nalutnns,
498 3090 598 3165 iniqua
611 3091 772 3152 intentione
827 3100 914 3152 laam
928 3095 1087 3162 masiliam,
1100 3092 1191 3164 prado
1205 3094 1231 3147 ei
1243 3096 1269 3148 at
1281 3092 1410 3154 minam,

186 3163 351 3234 Magistrum
369 3163 540 3236 appellabat.
561 3165 633 3222 Joab
655 3165 772 3224 dextera
827 3183 861 3224 ar
874 3157 1006 3222 sermode
1022 3170 1118 3220 tamen
1131 3161 1248 3232 Christi,
1267 3177 1353 3234 quem
1373 3161 1412 3217 ie-

186 3239 314 3292 mentum
329 3235 531 3320 hmaamquaai
545 3235 716 3295 deosculans
731 3245 772 3295 te·
827 3239 866 3294 cit
884 3243 948 3310 post
974 3251 1097 3305 coenam,
1120 3235 1223 3292 Petrus
1240 3232 1280 3290 ln
1298 3238 1412 3292 tantum

185 3307 280 3377 nebat,
301 3312 331 3364 el
356 3306 386 3364 in
410 3316 525 3365 sinistra
544 3307 670 3380 gladium
699 3309 770 3367 edu·
826 3310 1122 3376 amoremerarserat,
1139 3303 1324 3378 quoddeillo
1341 3319 1413 3376 prm·
1511 3375 1512 3380 η

186 3377 370 3462 οοηῌρευιῃ
396 3379 575 3451 perimebat3
600 3379 644 3464 sic
671 3381 771 3463 ludas,
827 3385 908 3462 cepto
927 3396 985 3437 non
1011 3379 1139 3462 recolens
1165 3377 1255 3434 solam
1281 3374 1410 3448 Magistri

186 3450 770 3576 quaerdexteramentumertetrtenuitr
826 3469 870 3509 sui
890 3451 1087 3510 detensionem
1108 3451 1287 3506 intendebat.
1304 3450 1341 3504 Dr
1357 3447 1411 3504 boc
1511 3489 1512 3494 η

213 3520 773 3595 collobii,blandesibidicons,etqua·
826 3529 921 3582 autem
949 3523 1025 3596 quod
1052 3521 1181 3580 Gbrlstus
1213 3520 1410 3578 detonsionem
1511 3577 1512 3584 ,

185 3593 209 3648 si
226 3590 343 3648 sinistra
357 3590 485 3664 gladium
505 3591 611 3661 eduxit,
630 3598 658 3650 et
680 3595 771 3666 ipsum
825 3591 1411 3668 prohibuit,ostenditurejuspromplitudo

185 3662 318 3736 periodit,
335 3661 454 3721 insidias
473 3665 525 3723 sub
544 3663 640 3722 verbis
657 3666 772 3726 blandis
826 3666 961 3740 quemad
995 3665 1141 3722 otiandum
1156 3663 1352 3732 habuil3nam
1366 3677 1410 3718 re·
1511 3685 1512 3702 t

186 3733 342 3792 occultans.
359 3767 391 3780 -
405 3736 508 3794 ludam
522 3741 552 3794 et
564 3737 691 3807 ludaeos,
708 3753 771 3795 rna·
826 3682 1225 3820 eondiglacssumpraeclpitpt
1249 3733 1409 3798 atientiam,

186 3806 246 3862 lum
264 3821 316 3879 pro
336 3807 411 3864 bono
431 3809 592 3878 reddentes,
612 3809 681 3866 ollm
705 3809 771 3870 Saul
826 3826 883 3867 non
897 3808 1054 3868 undictam
1078 3809 1190 3865 doceat.
1241 3807 1297 3864 nde
1316 3805 1410 3862 Dabo·

183 3877 390 3951 praellguravit,
410 3881 458 3951 qui
477 3897 584 3954 genero
602 3896 654 3938 suo
682 3881 771 3938 David
824 3897 877 3938 nna
893 3901 902 3937 a
918 3902 934 3934 ι(
949 3881 1090 3966 oportuit,
1103 3887 1135 3936 ut
1145 3885 1246 3936 auctor
1260 3877 1361 3950 gratim
1374 3875 1409 3932 ll-
1511 3931 1512 3934 ,

185 3949 291 4005 malum
305 3966 355 4020 pro
370 3952 448 4008 bono
461 3951 597 4009 reddidit.
614 3953 705 4012 David
721 3953 771 4009 he·
826 3953 905 4010 dales
924 3954 1092 4024 patientiam
1105 3967 1157 4008 suo
1181 3951 1298 4008 doceret
1312 3963 1410 4006 auem·

184 4025 256 4077 stem
276 4021 380 4091 Saulis,
397 4022 505 4080 scilicet
520 4023 641 4092 Goliam,
657 4040 771 4096 supera·
826 4025 889 4097 plo;
905 4029 933 4080 el
944 4026 1038 4096 potius
1053 4022 1090 4080 ad
1100 4021 1296 4080 sustinendum
1311 4021 1409 4078 edver-

185 4091 234 4162 rit,
261 4097 289 4150 et
308 4092 337 4150 in
353 4095 449 4152 multis
476 4094 503 4152 ei
534 4093 611 4152 utilis
628 4095 697 4167 luit,
720 4095 771 4152 sed
826 4111 857 4153 ea
871 4095 1157 4164 fortiterlnstrueret,
1171 4094 1302 4167 quemad
1315 4089 1409 4148 vindl-

184 4163 250 4246 Saul
265 4163 320 4221 sibi
333 4170 479 4238 tamquam
499 4165 575 4224 hosti
590 4165 709 4224 ineldias
723 4183 771 4239 pa·
826 4167 947 4226 eandum
960 4171 1139 4244 provocaret.
1155 4185 1170 4217 o
1188 4164 1324 4222 Prohibet
1339 4176 1408 4233 ergo

184 4239 308 4302 rasabal
322 4235 348 4292 ei
362 4245 483 4295 mortem
494 4237 602 4295 inlerre
616 4237 769 4298 allectevil.
827 4237 964 4296 Dominus
985 4237 1180 4296 detonsionem
1202 4251 1358 4304 armorum,
1372 4247 1408 4290 ne

183 4306 230 4365 Sic
243 4309 318 4366 Deus
334 4308 514 4367 Pharaonem
528 4314 557 4366 et
570 4308 704 4366 inimicos
720 4311 770 4366 lu·
826 4309 946 4368 clericus
972 4311 1061 4366 armis
1087 4324 1215 4384 pugnare
1243 4309 1407 4382 praesumat.

182 4381 310 4439 deorum
325 4395 402 4454 sepe
422 4380 539 4452 devicit,
560 4387 589 4440 ot
603 4397 717 4456 semper
731 4381 795 4456 eis,
826 4381 907 4441 Unde
921 4382 1085 4440 ,imbannata
1105 4399 1113 4438 ε
1136 4405 1149 4430 ι
1169 4381 1255 4440 homa
1267 4379 1408 4440 meaaunt
