3036 5042
172 389 201 442 ta
525 367 684 442 saltumn
711 383 829 443 ratris
859 388 961 441 olrur
990 391 1033 441 nx

168 501 255 566 stare,
266 499 336 553 emttt
345 499 435 566 forna,
449 501 513 549 uate
527 497 643 560 utrium,
659 499 684 548 et
696 493 757 562 pal-

172 569 216 626 lus
230 571 387 626 cantauit...
404 570 530 624 ductante
544 571 634 621 autem
647 567 696 621 illo
708 567 758 634 jo-

172 657 266 704 anam,
278 643 350 697 vidit
365 655 425 696 eum
440 640 499 694 otto
514 639 632 702 anctum
649 644 675 692 et
690 637 757 693 dum

172 714 266 770 adhuc
284 712 353 770 loris
371 715 444 768 esset
458 711 535 764 dimit
549 711 592 764 liis
615 712 664 780 put
681 715 759 764 unat

173 785 214 840 itt
229 801 260 842 se
275 783 492 841 calefacientes:
511 784 546 838 Et
561 783 607 836 lu’o
621 785 681 836 erat
697 796 758 836 cum

173 859 238 914 laea
256 859 410 914 Noaoreno.
428 853 483 910 Sed
498 860 646 926 postquam
663 851 758 920 rediit,

174 929 249 1000 quod
265 927 372 984 dictum
389 926 489 994 luerat,
503 939 576 981 unus
589 923 624 980 da
639 923 758 980 circum-

173 997 325 1066 stautihns,
338 997 495 1055 secuudum
508 997 621 1064 Lucam,
638 995 688 1053 sed
702 995 760 1066 plu·

175 1086 221 1128 res
239 1069 275 1126 ds
292 1068 344 1140 eis,
371 1071 529 1126 secundum
555 1069 706 1136 loannem,
733 1065 759 1122 ei

173 1139 250 1199 idem
263 1139 404 1198 dixerunt.
415 1143 451 1196 nt
465 1143 564 1195 lterum
577 1142 689 1208 nepaott
700 1153 761 1195 cam

171 1212 330 1286 juramento
344 1229 351 1269 :
367 1213 440 1280 Quia
461 1223 516 1267 nou
529 1213 595 1266 noui
614 1213 760 1267 homiuem.

173 1287 245 1342 Ecce
260 1289 459 1356 argumentum
474 1283 551 1354 quod
566 1295 600 1340 ex
614 1297 672 1340 uno
693 1297 757 1354 pec·

173 1360 238 1413 cato
253 1357 338 1412 homo
350 1354 408 1412 nuit
423 1353 453 1410 iu
467 1353 546 1411 aliud
561 1357 686 1426 gravius.
703 1356 759 1410 Un-

176 1427 212 1486 de
225 1429 376 1486 Baborana:
399 1445 412 1479 o
429 1427 508 1482 hlura
523 1424 552 1482 in
591 1432 696 1490 cecato,
714 1426 764 1481 dal

178 1441 764 1556 incrementumscelerumnffindeetllra·

178 1575 295 1642 pomus:
313 1591 327 1623 a
344 1571 495 1627 Peccatum
509 1571 582 1641 quod
598 1567 766 1641 poettitentia

177 1657 235 1699 non
250 1643 344 1710 diluit,
355 1657 419 1698 mox
432 1655 482 1697 sno
497 1640 623 1708 pondere
638 1642 672 1697 ad
688 1639 766 1696 aliud

178 1713 277 1770 trahit.
295 1735 309 1764 o
321 1715 355 1770 Et
367 1711 473 1768 timens
486 1711 597 1778 Petrus,
607 1710 711 1767 iterum
724 1712 766 1768 lo-

178 1797 226 1842 tas
241 1784 336 1841 exivit.
358 1787 395 1842 Et
417 1784 565 1839 interuallo
578 1786 664 1852 factu,
686 1785 768 1854 quasi

181 1857 254 1913 hera
275 1861 369 1924 antus,
392 1867 523 1910 rouersus
537 1853 651 1923 iterum,
667 1855 766 1911 amul-

90 1933 96 1948 ·
179 1926 227 1996 tis,
243 1927 401 1984 soc-undum
413 1927 577 1983 llatthaeum
590 1931 618 1983 et
629 1929 766 1991 llarcum,

182 2004 210 2056 et
229 2001 265 2058 ah
285 2015 352 2062 uno,
373 1997 528 2055 secundum
549 1997 630 2064 alios,
651 1997 698 2070 qul
718 2013 766 2054 co-

180 2077 285 2143 gnatus
295 2069 394 2128 helchi
404 2075 475 2138 erat,
487 2069 683 2144 compellatur,
691 2073 767 2141 ospr-

181 2144 274 2200 motat
304 2142 378 2199 euim
395 2143 509 2214 puidam
526 2143 638 2198 dicens:
663 2145 731 2200 Vere
742 2147 768 2197 et

181 2216 225 2271 hio
237 2231 296 2272 cum
311 2217 361 2271 lllo
372 2221 442 2282 erat,
457 2230 522 2270 uam
536 2220 560 2271 et
571 2215 702 2272 (lotitans
717 2219 765 2270 cst.

180 2289 217 2344 Et
237 2291 278 2343 att
296 2289 389 2342 Petrus
402 2301 511 2358 negans
530 2302 594 2342 cum
605 2286 767 2358 juramento

185 2363 214 2414 et
232 2357 443 2415 detestatione:
469 2359 563 2425 Homo,
590 2358 768 2428 nescioquod

182 2430 263 2484 dicu.
272 2432 309 2485 Et
319 2432 456 2494 continua,
470 2428 620 2484 adhucillo
632 2431 767 2498 loquente,

183 2501 276 2570 pollue
290 2498 415 2555 secundo
439 2501 572 2553 enatavit.
594 2499 690 2555 Potest
706 2515 768 2556 esse

185 2571 261 2698 guod
274 2569 355 2626 multi
369 2569 582 2632 tumultuantes,
603 2567 642 2624 ihi
660 2575 768 2627 stantes

208 2649 270 2699 etro
285 2642 338 2697 hoc
358 2640 501 2708 dixerunt,
521 2640 564 2695 vel
581 2655 654 2696 unus
667 2657 768 2698 eoi-um

185 2729 236 2787 pro
245 2711 387 2772 omnibns.
403 2717 431 2768 et
445 2710 524 2782 qnasi
537 2710 567 2766 in
578 2725 768 2783 personaom·

185 2783 265 2841 nium
289 2784 461 2854 elpines-ius,
485 2787 513 2838 et
526 2797 621 2839 acrius
641 2783 710 2840 dixit
729 2784 766 2842 ei.

185 2857 219 2913 Et
233 2856 274 2912 sic
285 2855 374 2912 semi
386 2859 470 2925 negat
484 2863 550 2910 ante
567 2853 689 2926 primum
701 2857 769 2929 galli

185 2925 769 2995 cantom;bisantesecundnm.llonenlm

185 3003 278 3056 solum
296 2997 543 3070 negatChrtstum,
558 2997 604 3069 qni
623 2998 692 3054 dicit
705 3017 770 3058 eom

186 3086 244 3128 uon
264 3087 325 3127 esse
344 3068 510 3137 Ctu·istum;
540 3069 589 3126 sed
617 3069 702 3126 etiam
723 3072 770 3144 qui

187 3141 317 3210 comsit,
340 3149 425 3214 nogat
444 3157 475 3198 se
500 3141 564 3213 ejus
590 3141 771 3214 discipulum,

186 3213 229 3271 vel
249 3215 420 3280 membrum,
437 3213 481 3270 vel
498 3212 546 3284 qui
566 3223 652 3285 negat
666 3231 696 3272 sc
710 3231 773 3274 esse

188 3286 390 3344 Christianum.
413 3287 551 3342 ltomtuus
568 3290 715 3344 anthinon
733 3288 774 3345 ait

189 3360 273 3416 Petro
285 3375 291 3415 :
303 3359 477 3431 Discipulum
494 3371 589 3414 meum
602 3363 675 3415 tene
696 3360 772 3430 obis;

191 3431 258 3486 sed:
275 3431 451 3499 monopodia.
464 3429 660 3512 Negatitergo
675 3375 774 3489 {otrus

190 3506 219 3558 sl
234 3501 388 3569 Christum,
405 3517 468 3557 rum
485 3515 516 3555 se
532 3506 644 3571 negavit
658 3503 719 3572 ejus
734 3504 775 3559 di·

189 3572 339 3644 scipnlum,
360 3581 387 3628 et
403 3570 457 3626 isto
473 3571 557 3626 modo
573 3571 702 3628 scellam
720 3591 775 3631 ne-

189 3651 266 3716 gavit
285 3643 486 3700 Christianum.
504 3639 555 3698 uui
581 3643 774 3712 depastione:

191 3735 204 3768 a
221 3717 290 3772 Ecca
308 3714 410 3771 medici
426 3718 568 3786 compieta
580 3721 624 3770 est
638 3717 774 3789 conditio,

191 3785 292 3859 aegroti
319 3785 447 3842 convicta
473 3791 517 3842 est
540 3799 735 3860 presumptio.
761 3811 774 3844 u

189 3861 249 3916 Non
265 3857 341 3914 enim
362 3857 466 3913 lactum
483 3859 559 3928 quod
578 3857 631 3914 iste
647 3861 774 3920 dixerat:

189 3930 322 3988 Animam
339 3943 432 3986 meam
453 3945 505 4001 pro
532 3937 560 3986 te
580 3945 683 4002 ponam
702 3951 709 4002 ;
726 3935 775 3990 sed

191 4005 296 4058 tactum
314 4007 356 4056 est
371 3999 447 4071 quod
462 3999 510 4056 hle
525 4002 711 4072 praedixerat:
727 4009 778 4062 l'er

189 4089 231 4130 me
243 4073 368 4143 aepulis.
384 4074 418 4128 Et
430 4081 565 4142 gravatur
575 4072 604 4129 in
622 4076 706 4134 Petro
721 4079 777 4135 cul·

190 4159 238 4219 pa,
249 4155 278 4201 et
289 4149 477 4216 exaggeratur
488 4149 607 4214 crimen,
621 4147 777 4206 secundum

190 4229 355 4292 processum
369 4213 565 4287 negationum,
579 4217 646 4288 quia
661 4235 667 4274 :
684 4221 777 4292 primo

190 4288 357 4364 simpliciter
372 4293 496 4359 negavit.-
511 4289 636 4346 secundo
652 4293 777 4364 negatio-

191 4361 220 4418 ni
234 4360 391 4435 perjurium
404 4358 523 4428 addidit,
538 4361 588 4417 scd
602 4359 688 4420 tertio
701 4365 776 4438 adla-

813 491 1402 565 eitperjuriedetestationem,ctooepttda·

813 565 1164 634 testort,unatlumottznra
1174 571 1200 619 et
1209 564 1321 634 jurare,
1336 565 1406 632 prato

813 653 866 694 aaa
879 639 999 693 novisset
1014 638 1159 700 tornanem,
1177 635 1203 691 ld
1219 641 1261 692 est
1274 633 1405 691 maledi·

814 723 878 766 cere
891 706 1010 781 sibiipsi.
1029 713 1057 765 et
1073 706 1266 764 maledictioni
1282 721 1316 762 sa
1334 703 1407 762 ohli-

814 797 893 853 gare,
909 779 932 837 si
949 778 1127 853 cognovisset
1141 781 1247 836 lesum.
1274 777 1407 834 Anothe-

815 851 958 910 mattzalio
972 849 1201 922 enimsigniltcat
1210 850 1406 922 jurationem,

815 939 878 996 quae
898 929 941 982 est
965 939 1016 996 per
1029 921 1265 991 exsecrationem,
1285 927 1316 978 et
1341 933 1407 976 oum

815 995 1018 1070 imprecatione
1043 993 1263 1062 maledictionis,
1291 991 1409 1048 scilicet

816 1065 1040 1141 quandoaliqnis
1048 1065 1221 1139 imprecatur
1230 1061 1409 1133 sibimetipsi

816 1139 922 1198 malum
937 1153 1039 1214 poeuae,
1059 1143 1088 1195 et
1110 1135 1218 1210 obligat
1232 1151 1263 1193 se
1282 1133 1410 1192 maledi·

817 1217 873 1282 cto,
889 1212 912 1268 si
929 1213 968 1268 lta
992 1213 1028 1266 sit
1045 1209 1117 1266 sicut
1137 1207 1175 1266 im
1197 1207 1291 1266 unitor
1306 1207 1348 1274 ei,
1367 1203 1411 1260 rel

818 1283 870 1340 uisi
886 1283 956 1366 illud
970 1281 1046 1355 quod
1061 1280 1142 1364 dicit,
1155 1223 1196 1338 si?
1207 1291 1322 1337 nerum.
1341 1275 1412 1346 Qut-

818 1355 882 1412 dam
892 1355 988 1412 dicunt
998 1357 1087 1410 totam
1100 1359 1205 1410 trinam
1218 1351 1411 1424 negationem

818 1427 922 1484 lactant
941 1431 970 1482 in
988 1424 1061 1482 atrio
1077 1427 1177 1494 hnuae,
1201 1427 1230 1481 et
1244 1437 1310 1496 qnae
1330 1421 1413 1480 dicta

820 1505 885 1556 sunt
898 1497 1047 1569 inde,p0st
1057 1495 1173 1554 missum
1183 1499 1281 1554 lasum
1295 1494 1336 1551 ad
1349 1491 1414 1550 Cal-

820 1572 916 1645 pham‚
928 1568 1142 1642 recapitulando
1153 1567 1238 1630 dicta,
1252 1583 1260 1636 ;
1275 1565 1328 1623 alii
1342 1579 1413 1620 vero

820 1642 918 1700 dicunt
932 1657 962 1698 m
974 1641 1047 1697 atrio
1063 1639 1179 1712 Caiphae
1190 1647 1279 1696 totam
1289 1639 1412 1704 tactam,

821 1719 849 1772 et
874 1712 1031 1771 secundnm
1048 1712 1103 1768 hoc
1116 1714 1242 1769 loannes
1261 1709 1411 1781 anticipa·

821 1785 861 1842 ait
879 1799 1017 1856 primam;
1040 1784 1090 1841 sed
1109 1781 1289 1840 communior
1309 1779 1414 1864 opinio

822 1862 876 1926 est,
894 1855 971 1928 quod
987 1855 1062 1912 trina
1077 1855 1191 1927 negatio
1208 1852 1313 1924 incepit
1331 1869 1364 1909 1n
1381 1866 1412 1907 a·

822 1930 878 1986 trio
892 1933 992 1996 hnnae,
1008 1933 1036 1984 at
1062 1927 1202 1998 completa
1225 1931 1269 1982 est
1286 1927 1315 1980 in
1336 1921 1413 1981 atrio

823 1997 1414 2070 Caipliae.Ethorrideturpatereextentu
1506 2054 1507 2073 χ

822 2072 953 2141 loannis,
969 2071 1090 2143 quicum
1110 2086 1167 2126 non
1185 2068 1270 2126 iaciat
1284 2067 1411 2125 mentio-

823 2161 887 2202 nem
903 2145 938 2200 de
954 2143 1072 2215 Gnipho,
1085 2141 1135 2197 sed
1156 2141 1246 2197 solum
1262 2141 1298 2198 de
1314 2142 1412 2206 Anna,

823 2217 903 2290 ponit
913 2213 1004 2287 primo
1017 2229 1103 2271 unam
1115 2213 1296 2286 negationem
1310 2229 1317 2279 ;
1331 2215 1413 2267 dem-

823 2290 858 2346 de
873 2280 1412 2358 ea‹puaedunasinterrogavitdeChci·

823 2367 877 2429 sto,
889 2369 915 2416 et
932 2357 1047 2414 tandem
1059 2355 1241 2430 prosequitur
1253 2355 1326 2413 alias
1337 2351 1422 2412 duas'

824 2429 1002 2504 negationes,
1014 2445 1079 2500 quae
1089 2429 1170 2485 lactae
1181 2428 1297 2484 luerunt
1308 2435 1410 2500 postea

823 2504 850 2561 ln
866 2501 938 2561 atrio
955 2501 1080 2574 Caiphae.
1097 2503 1128 2556 Et
1147 2499 1240 2573 potuit
1255 2495 1410 2582 essequod

821 2577 947 2634 loannes
960 2578 1035 2630 esset
1045 2577 1129 2629 notus
1144 2574 1255 2643 utrique
1265 2569 1409 2636 Pontifici,

823 2655 852 2705 et
870 2644 1002 2703 similiter
1016 2642 1169 2700 introduxit
1187 2643 1302 2699 Petrum
1317 2643 1344 2698 in
1362 2643 1411 2697 do-

824 2735 901 2775 mum
918 2717 1076 2788 utriusque,
1105 2723 1186 2785 prttut
1202 2729 1288 2786 supra
1305 2717 1409 2787 patuit,

824 2789 872 2848 uhi
887 2793 984 2845 Annas
998 2789 1094 2845 lesum
1110 2786 1145 2842 ad
1164 2787 1299 2857 Caipham
1322 2784 1409 2840 misit.

864 2866 895 2918 18
905 2863 1084 2917 llssrrctsuru
1094 2873 1147 2915 nun
1160 2859 1289 2926 Cantsro,
1303 2858 1412 2913 Parrus

826 2949 892 2990 utar
906 2948 1005 2989 annus.
1022 2933 1108 2987 -Et
1131 2929 1188 2999 hic,
1213 2929 1306 3001 cogita
1323 2929 1410 2986 etlam

826 3001 1413 3078 quomodollomtaushenignusMagister,

827 3074 1112 3146 conversusajustitta
1123 3073 1158 3130 ad
1176 3071 1412 3139 miscricordiam,

826 3151 949 3221 respealt
976 3146 1112 3204 divinitus
1136 3147 1246 3201 Petrum
1278 3144 1414 3200 dilectum

828 3219 1007 3292 discipulum,
1024 3217 1053 3274 in
1078 3219 1163 3273 tortia
1187 3220 1264 3284 ulce,·
1285 3221 1414 3286 respectu

830 3290 1020 3349 miserationis
1036 3293 1064 3346 et
1078 3289 1198 3362 gratice;
1215 3287 1282 3360 qttla
1299 3285 1415 3344 miscri-

830 3364 927 3421 cordia
942 3367 1075 3436 provocat
1103 3361 1138 3418 ad
1162 3357 1371 3434 penitentiam,
1389 3361 1417 3415 et

831 3441 874 3493 est
888 3433 1050 3492 necessaria
1062 3433 1180 3490 adeam.
1192 3433 1347 3489 Conversio
1358 3431 1417 3502 qui·

832 3511 895 3564 clem
911 3507 1002 3563 istaut
1018 3511 1163 3577 respectus
1179 3502 1373 3568 luitintarlor,
1388 3505 1417 3557 el

832 3578 994 3652 spiritualia.
1015 3593 1071 3633 non
1088 3579 1220 3642 exterior,
1238 3581 1266 3630 et
1279 3585 1415 3646 corpora-

832 3653 886 3720 lts;
901 3649 967 3722 quia
978 3649 1116 3705 Dominus
1127 3653 1188 3704 erat
1199 3645 1277 3704 intus
1295 3645 1323 3701 in
1339 3643 1416 3702 aucli-

832 3726 918 3791 torto,
935 3731 961 3778 et
986 3719 1117 3792 superios
1135 3733 1198 3775 cum
1223 3715 1414 3790 principibus

834 3795 935 3851 Petrus
954 3797 1047 3850 autem
1064 3790 1133 3847 loris
1147 3789 1178 3846 in
1192 3789 1278 3858 atrio,
1297 3795 1326 3846 et
1342 3787 1415 3844 inte·

833 3865 893 3923 rius
906 3881 969 3922 cum
981 3862 1136 3920 ministris:
1153 3869 1181 3916 et
1194 3877 1265 3918 unus
1275 3860 1364 3917 alium
1377 3857 1417 3914 ui·

834 3941 902 3995 dore
915 3933 1197 4064 noanotccatocutts
1213 3929 1418 4004 corporalibus.

835 4009 963 4066 tindeait
999 4023 1027 4063 eo
1041 4007 1135 4077 Papa:
1153 4027 1167 4056 a
1178 4006 1420 4060 Dominusautem

834 4083 926 4150 lesus,
943 4078 988 4152 qui
1001 4078 1076 4134 intra
1092 4075 1252 4148 pontitlcola
1271 4073 1421 4132 concilium

834 4167 955 4226 corpore
970 4149 1130 4218 tenebatur,
1145 4146 1365 4220 trepidationem
1381 4145 1420 4202 di·

835 4223 936 4292 scipuli
950 4225 1019 4280 loris
1035 4223 1118 4293 positi
1132 4222 1192 4276 solo
1206 4218 1302 4276 divino
1317 4217 1420 4274 intuitu

836 4296 917 4367 vidit,
958 4293 1124 4366 eventisque
1146 4290 1272 4349 aninmm
1292 4304 1368 4359 mon,
1390 4290 1420 4344 ut

836 4371 968 4440 respexit,
983 4365 1081 4435 crexit,
1097 4369 1124 4421 ct
1139 4363 1169 4420 ln
1185 4363 1419 4434 detumpoentto·
1505 4429 1506 4436 ἵ
