3104 5034
206 429 251 481 iat
525 432 685 486 SECUNDAE
713 431 830 486 Pluris
858 429 962 486 CAPUT
990 429 1110 484 LXXXV

211 533 348 608 quamdiu
368 535 461 595 adhue
475 549 538 594 sum
549 535 580 594 in
596 538 650 595 boc
669 536 795 611 corporis

211 610 367 680 ergastulo,
390 626 408 668 a
432 611 514 666 laude
536 615 587 667 tua
604 625 661 667 non
682 611 794 668 tacebo.

210 681 349 762 ltimirum
376 681 506 738 videmus
528 683 603 753 quod
627 682 795 753 plerumque

210 756 285 809 inter
311 753 490 810 dulcissimas
514 753 640 810 nemoris
659 754 794 820 aviculas,

209 827 237 880 et
263 824 453 882 tintinnantes
490 825 679 898 pbilomenas,
718 823 794 882 corsi

213 911 328 1022 guoque
339 899 506 953 crocitantes
521 897 664 967 adsunt,in
682 899 734 953 boe
751 912 797 953 eo·

233 982 276 1022 em
294 967 488 1039 modicoquod
500 975 670 1040 aeceperunt
680 971 796 1025 Creato-

212 1038 237 1093 ri
253 1053 303 1094 suo
318 1039 540 1097 subservientes.
557 1040 602 1096 Sio
618 1046 648 1097 et
663 1056 717 1112 ego
732 1055 795 1112 peo-

212 1112 292 1164 cator
314 1125 377 1166 cum
401 1110 465 1179 sim,
492 1118 607 1168 cantum
633 1113 669 1168 ad
695 1127 796 1168 manus

212 1179 305 1236 liabeo
322 1189 515 1253 pcccatorum,
531 1189 558 1239 et
572 1189 795 1309 proutpossum,

215 1251 302 1306 Deum
330 1267 426 1310 meum
458 1269 509 1324 per
543 1253 637 1326 ipsum
675 1255 750 1310 audo
770 1259 798 1311 et

213 1321 342 1450 &loriaco
358 1323 547 1382 inmternum.
559 1324 704 1397 Siquidem
720 1325 797 1382 aliud

234 1409 250 1449 e
272 1396 330 1451 Deo
353 1396 462 1454 dulcius
479 1413 583 1454 canere
605 1399 713 1466 neseio,
742 1396 796 1452 nisi

213 1465 268 1522 lioc
282 1465 562 1542 videlicet‚quon.am
574 1473 668 1526 suauis
684 1474 726 1526 est
738 1472 797 1525 llo-

213 1539 305 1619 ma‘nus
319 1542 466 1610 uniuersis,
479 1546 505 1597 el
520 1541 595 1613 quod
608 1543 798 1597 miserationes

214 1625 284 1680 epus,
297 1627 381 1684 super
395 1615 488 1669 omniu
507 1629 589 1684 opero
604 1614 707 1684 ejus.0
724 1615 798 1670 Deus

214 1697 304 1754 meus,
327 1683 524 1741 misericordia
540 1701 613 1740 mea.
632 1687 662 1742 ln
681 1686 734 1741 hoc
749 1687 797 1741 iae-

214 1757 292 1808 tatur
316 1754 411 1811 anima
436 1771 509 1826 mea,
531 1756 705 1812 exhilaratur
728 1771 798 1812 cou-

215 1823 352 1906 scientia,
361 1833 390 1882 et
402 1826 505 1896 gaudio
520 1826 660 1884 immenso
675 1826 798 1898 irrigan-

216 1899 261 1977 tur
274 1909 372 1953 omnia
389 1911 455 1954 ossa
472 1913 545 1954 mea.
563 1901 622 1955 lloc
633 1913 721 1955 suave
735 1915 798 1954 can·

215 1971 304 2050 ticum
318 1968 415 2026 anima
427 1983 491 2027 mea
504 1985 595 2043 usque
612 1970 798 2040 insecutum,

215 2043 291 2096 inter
305 2039 452 2168 sgirituale
467 2057 557 2114 genus
571 2041 737 2100 ariomcum
755 2043 801 2100 lae·

216 2113 246 2168 lo
265 2125 315 2168 cor
336 2113 442 2170 edulci
459 2113 536 2171 canit
554 2117 692 2172 carmine.

247 2180 408 2242 illusionis
422 2201 618 2244 nauariaronnii
641 2203 676 2244 sii
694 2201 801 2242 munau

215 2255 266 2312 Dsi
280 2271 388 2314 uuaruii
402 2275 495 2315 sevir.
510 2287 545 2302 ·-·
565 2259 802 2329 Quotiescumque

214 2328 292 2410 anim
306 2335 399 2386 mente
411 2331 535 2398 revolvo,
546 2345 603 2402 qua
614 2330 637 2386 is
650 2329 801 2402 aliquando

214 2397 267 2480 lui,
278 2401 373 2480 qualia
389 2400 554 2458 discrimina
571 2404 658 2470 evasi,
675 2417 692 2458 a
708 2417 802 2474 quan·

216 2473 252 2524 tis
261 2470 395 2594 periculis
408 2487 453 2528 me
467 2472 620 2542 protexisti,
630 2479 659 2529 et
672 2489 687 2528 a
698 2472 801 2544 quibus

215 2553 299 2622 mars
323 2557 368 2597 me
395 2541 536 2614 eripuisti,
557 2545 700 2614 quomodo
724 2545 801 2600 diru-

217 2619 283 2683 pisti
308 2612 422 2668 vincula
445 2629 519 2682 mea,
549 2615 654 2670 sanasti
682 2615 801 2671 uulnera

215 2679 341 2765 putrida,
361 2690 389 2740 et
409 2683 528 2756 laqueos
542 2684 717 2757 periculosos
732 2701 800 2742 coii-

217 2760 332 2824 trivisti‚
347 2761 375 2811 et
387 2771 432 2812 me
447 2756 570 2814 dulciter
584 2773 616 2814 ac
632 2761 749 2827 paterne
767 2757 800 2814 li-

218 2825 344 2896 berasti;
361 2843 425 2884 cum
441 2829 512 2894 baec,
533 2829 661 2900 iuquam,
677 2834 706 2886 et
720 2829 800 2887 simi·

215 2897 255 2954 lia
266 2899 370 2957 bonaa
387 2905 415 2958 te
428 2901 496 2956 mibi
508 2901 633 2958 exhibita
646 2907 800 2974 pertracto,

216 2969 321 3027 mirum
342 2978 383 3028 est
405 2971 479 3045 qood
493 2973 522 3030 in
544 2976 646 3030 luorum
673 2973 800 3030 omnium

218 3042 373 3100 allectuosa
387 3045 583 3102 recordatione
594 3045 733 3116 meipsum
743 3061 801 3118 prae

217 3129 315 3196 amore
327 3119 442 3186 portare
457 3119 538 3174 valeo
560 3137 569 3173 s
591 3117 801 3174 ardentissimis

217 3187 357 3256 siquidem
375 3188 601 3260 amorisignibus
615 3188 799 3246 incandesco.

219 3257 241 3339 Q
262 3261 446 3340 'Deusmeus
461 3261 595 3331 quamdiu
613 3264 801 3332 peecatorem,

217 3330 269 3386 tibi
292 3330 530 3399 recalcitrantem,
547 3331 689 3404 patienter
710 3349 803 3404 exspe-

218 3400 322 3458 ctasti?
355 3402 482 3472 Quoties,
506 3409 535 3460 et
558 3419 645 3476 quam
674 3410 801 3476 paterne,

220 3489 296 3530 nune
310 3474 564 3546 quidemdnlciter,
576 3491 651 3532 nuuc
665 3491 732 3531 uero
748 3477 803 3533 du-

217 3559 249 3602 re
264 3561 311 3602 me
321 3545 507 3615 admonuisti,
521 3546 696 3602 nescientem
710 3546 738 3602 in
753 3549 802 3604 be-

219 3617 430 3698 nedIetionibus
449 3617 607 3674 dulcedinis
622 3617 784 3690 praevenisti
794 3637 802 3690 ;

219 3686 278 3743 filio
297 3689 416 3762 prodigo
434 3695 461 3747 el
478 3691 601 3819 {isocelis
614 3695 802 3763 praegravat0‚

219 3773 253 3839 ae
278 3761 377 3830 gratiis
399 3767 476 3820 nuda
490 3779 518 3832 o,
537 3762 566 3819 in
591 3777 739 3820 accursum
756 3779 802 3818 ve-

219 3843 302 3910 niens
315 3838 435 3902 paterne
450 3833 608 3902 occurristi,
629 3835 665 3891 ab
681 3832 802 3890 iterante

219 3915 280 3955 uias
294 3915 396 3980 pravos
409 3905 621 3963 misericordem
633 3905 733 3963 laciem
745 3923 802 3962 non

217 3976 356 4055 auertisti,
371 3975 421 4030 sed
438 3993 551 4049 semper
570 3983 598 4034 et
615 3979 718 4050 ubique
743 3977 802 4049 pius

215 4047 420 4126 etmisericors
436 4047 533 4103 luisti?
549 4051 583 4104 Et
597 4053 672 4120 quod
683 4049 727 4105 bis
743 4064 801 4104 om-

220 4115 305 4194 uibus
327 4131 418 4187 maius
432 4123 486 4186 est,
509 4119 584 4189 quod
608 4121 651 4176 bis
670 4119 802 4176 omnibus

216 4187 298 4245 bouis
333 4192 391 4245 tarn
431 4189 634 4263 multiplicibus
670 4191 802 4262 ingratus

217 4273 331 4333 semper
346 4260 450 4332 exstiti,
470 4277 521 4318 nec
533 4267 576 4330 tu,
594 4278 610 4318 o
626 4277 737 4319 summa
751 4263 801 4319 bo-

218 4329 303 4402 nitas,
324 4339 442 4406 propter
465 4333 518 4390 linc
541 4332 690 4402 destitisti,
711 4334 801 4390 donee

217 4405 333 4462 taudem
357 4419 402 4464 me
421 4405 542 4464 dulciter
568 4406 604 4463 ad
629 4411 657 4462 te
677 4405 796 4465 traxisti.

854 537 913 594 llbl
930 539 1086 593 summast
1107 533 1321 592 inestimabilis
1337 533 1431 605 pietas!

851 608 995 680 Numquid
1018 610 1045 664 iu
1058 607 1103 664 bis
1117 606 1250 664 omnibus
1265 606 1433 678 meipsuma

850 678 1085 737 laodecontinere
1100 680 1222 751 potero‘l
1235 681 1433 750 Nequaquam,

850 755 925 810 Deus
948 768 1040 820 meus,
1065 751 1260 808 misericordia
1283 767 1363 807 mea.
1388 753 1435 804 l’ro

849 825 895 882 liis
912 824 1046 880 omnibus
1059 829 1087 879 et
1098 822 1161 879 aliis
1172 822 1338 879 innumeris
1355 822 1436 878 bene·

849 896 922 952 liciis
941 901 1008 967 opto
1025 900 1053 950 et
1076 893 1218 958 desidero,
1239 901 1273 951 ut
1288 893 1359 951 talis
1370 898 1436 948 tam·

849 981 933 1040 quarn
944 967 1070 1038 jucunda
1080 965 1205 1022 laudatio
1219 965 1256 1022 sit
1267 966 1327 1022 tibi
1343 981 1376 1022 ex
1388 978 1437 1028 me,

850 1037 944 1111 qualis
961 1038 1012 1094 luit
1027 1038 1174 1095 beatorum
1191 1039 1352 1109 spirituum
1373 1036 1436 1104 laus,

850 1117 918 1167 tune
931 1125 994 1166 cum
1007 1109 1037 1165 in
1053 1108 1143 1180 primo
1158 1115 1276 1180 aspectu
1294 1115 1357 1165 tuae
1372 1106 1437 1164 diii-

850 1181 975 1239 nissimae
989 1180 1147 1253 majestatis
1162 1181 1336 1252 gaudebant
1356 1195 1389 1236 se
1406 1193 1438 1234 ae·

852 1253 999 1310 ternaliter
1020 1252 1049 1308 iu
1070 1261 1120 1309 tua
1134 1253 1218 1310 laude
1230 1252 1437 1316 confirmatam

851 1327 942 1381 malos
965 1341 1032 1382 vero
1057 1330 1120 1382 ate
1143 1324 1204 1381 sine
1220 1325 1275 1381 line
1296 1325 1437 1381 detrusos.

852 1399 989 1468 itemque,
1006 1403 1063 1452 lam
1082 1411 1184 1468 magna
1200 1401 1323 1467 tamque
1335 1397 1439 1466 jncun-

852 1469 889 1526 da
903 1468 939 1524 sit
954 1467 1003 1524 illa
1013 1467 1147 1536 laudatio,
1160 1472 1324 1539 quantaest
1338 1466 1438 1523 anima·

852 1555 914 1596 rum
926 1546 1166 1598 sanctarumeum
1176 1556 1193 1596 a
1203 1555 1325 1595 carcere
1339 1551 1438 1610 purga-

852 1611 917 1668 torii
938 1618 1043 1684 ereptae
1059 1611 1137 1668 vultu
1152 1610 1252 1683 gloriae
1269 1615 1335 1667 tuae
1352 1623 1438 1682 primo

851 1689 1072 1756 presentantur,
1093 1690 1122 1740 ut
1136 1689 1213 1739 tuam
1225 1683 1391 1754 jucundam
1405 1679 1438 1734 la·

853 1753 925 1812 ciem
939 1754 1120 1824 intueantur3
1137 1759 1164 1810 et
1178 1759 1285 1825 quanta
1304 1753 1365 1810 erit
1383 1753 1437 1808 laus

853 1825 882 1883 in
916 1826 997 1884 lateis
1013 1825 1321 1893 ooelestisterusalem,
1334 1822 1436 1897 postli-

857 1841 951 1954 nafem
962 1896 1089 1954 omnium
1097 1897 1243 1954 bominum
1255 1893 1436 1954 Resurrecti-

854 1985 949 2038 onem,
962 1968 1076 2041 quando
1089 1969 1170 2026 electi
1186 1968 1296 2025 amalis
1310 1980 1436 2040 segrego·

853 2039 875 2097 ti
886 2043 975 2098 Deum
987 2041 1114 2112 jucundo
1124 2040 1211 2097 corde
1220 2039 1395 2102 laudabunt,
1409 2051 1436 2092 aa

855 2113 891 2170 de
907 2127 959 2170 sua
973 2112 1129 2169 saluatione
1145 2112 1323 2168 aetemallter
1339 2110 1436 2182 gloria·

855 2185 970 2241 buntur.
987 2183 1009 2240 0
1024 2182 1217 2240 amantissima
1229 2182 1385 2256 sapientia,
1395 2181 1436 2259 bo3

855 2255 930 2312 uitas
948 2256 1097 2324 immensa,
1121 2261 1150 2312 te
1171 2269 1284 2328 precor,
1306 2261 1342 2310 ut
1367 2265 1435 2310 omni

856 2343 941 2384 mane
956 2327 1079 2384 diluculo
1094 2343 1158 2384 cum
1177 2327 1213 2383 ad
1228 2333 1256 2382 te
1278 2337 1436 2390 surrexero,
1515 2375 1516 2379 ,

856 2404 885 2456 et
901 2400 996 2456 oeulos
1009 2415 1158 2470 aperuero,
1173 2398 1381 2470 simulquoqoe
1395 2407 1437 2450 cor

857 2487 953 2528 meum
967 2470 995 2527 io
1008 2479 1055 2527 tua
1064 2470 1148 2527 laude
1161 2472 1363 2543 aperiatur,ac
1376 2481 1436 2538 quo·

856 2543 921 2600 dam
938 2543 1054 2599 lucilero
1074 2543 1236 2613 splendore,
1257 2549 1285 2596 et
1307 2543 1436 2598 llammco
1515 2606 1516 2612 ἵ

856 2615 959 2671 ardore
974 2613 1064 2671 laudis
1079 2621 1135 2670 tuae
1150 2614 1242 2670 iacula
1254 2612 1397 2670 immensa
1408 2623 1435 2664 ex

856 2701 890 2742 eo
915 2685 999 2742 simul
1021 2693 1160 2758 exsurgat.
1174 2687 1207 2741 m
1226 2691 1304 2757 peto,
1321 2693 1356 2742 ut
1380 2685 1433 2738 bac
1515 2684 1516 2702 ¹

856 2758 919 2814 laus
931 2763 990 2813 tam
1005 2757 1109 2814 blande
1134 2762 1162 2814 et
1182 2759 1308 2814 suaviter
1328 2755 1434 2813 resonet

855 2829 886 2885 in
911 2830 1062 2886 cordetuo
1089 2834 1218 2900 paterno,
1238 2829 1313 2884 sicut
1338 2837 1433 2886 sonare

856 2901 1002 2958 consuevit
1020 2917 1071 2956 suo
1092 2900 1176 2957 modo
1200 2900 1330 2956 omnium
1352 2899 1434 2955 rillia-

855 2973 1009 3042 raedorum,
1025 2987 1059 3029 ae
1077 2970 1254 3028 musicalium
1269 2970 1434 3028 instrumen-

856 3051 949 3102 torum
966 3043 1059 3101 suavis
1075 3043 1231 3100 modulatio
1253 3043 1282 3098 in
1299 3047 1387 3099 corde
1398 3043 1433 3112 ju·

857 3119 960 3184 cundo,
976 3114 1218 3186 statujuventutis
1229 3114 1344 3171 ssorido.
1361 3115 1393 3171 El
1409 3110 1432 3166 in

856 3189 910 3245 bac
929 3187 1021 3244 laudis
1031 3187 1121 3242 lacida
1137 3185 1221 3242 simul
1234 3189 1372 3242 ascendat
1385 3193 1432 3240 tus

858 3259 949 3316 laudis
970 3265 1028 3315 tam
1047 3257 1191 3315 odorilera
1215 3257 1284 3314 lumi
1308 3256 1432 3329 virgula:

857 3338 915 3388 tam
940 3330 1075 3402 pretiosa,
1090 3345 1123 3386 ae
1147 3329 1170 3384 si
1194 3335 1269 3386 esset
1284 3327 1434 3398 composita

858 3421 891 3460 ox
906 3401 1040 3459 omnibus
1062 3402 1236 3458 aromatibus
1260 3401 1386 3472 myrrbae
1409 3401 1433 3453 et

857 3477 960 3543 thuris,
976 3474 1136 3531 etuniversi
1149 3472 1273 3545 pulveris
1285 3474 1434 3548 pigmenta

858 3546 912 3614 rii3
930 3553 988 3602 tam
1004 3545 1144 3673 egeciosa,
1157 3544 1229 3602 sicut
1243 3559 1309 3601 cum
1334 3541 1432 3602 vernali

858 3623 986 3689 tempore
1035 3633 1101 3673 ores
1124 3617 1278 3672 herbarum
1300 3615 1434 3687 pullulant

860 3691 887 3746 in
902 3687 1020 3761 campis,
1037 3687 1179 3746 coloribus
1194 3687 1330 3760 pulchris,
1351 3691 1380 3743 et
1394 3699 1434 3764 ar·

860 3763 943 3818 bores
957 3765 1033 3817 stant
1050 3759 1197 3816 irondibus
1212 3758 1331 3825 ornatis,
1352 3761 1434 3830 gratis
1517 3809 1518 3826 ,

858 3834 1012 3902 odoribus;
1027 3831 1119 3904 sitque
1133 3831 1226 3888 laudis
1239 3831 1325 3902 liujus
1336 3828 1433 3896 laculo,

860 3912 916 3962 tam
939 3919 1072 3961 amorosa
1099 3909 1127 3959 et
1150 3901 1296 3972 deliciosa,
1315 3909 1347 3958 ut
1363 3901 1392 3958 in
1407 3913 1434 3954 ea

858 3976 931 4032 oculi
947 3975 986 4032 tui
1001 3973 1207 4032 delectabiliter
1221 3975 1360 4042 ferantur,
1371 3977 1435 4029 tota·
1517 3987 1518 4006 .

859 4065 912 4119 que
927 4047 1051 4104 coelestis
1066 4047 1132 4103 aula
1157 4046 1294 4114 resultet;
1323 4051 1353 4102 et
1381 4046 1433 4100 bac
1517 4095 1518 4116 χ

854 4120 972 4191 jugiter,
988 4119 1049 4176 sine
1067 4117 1288 4186 intermissione,
1309 4115 1433 4194 servilis

857 4191 929 4248 simo
953 4197 1034 4259 aestu,
1048 4195 1076 4246 et
1090 4188 1272 4262 rapidissimo
1288 4189 1384 4245 calore
1399 4193 1434 4244 tui

857 4264 963 4320 amoris
978 4267 1110 4333 exsurgat
1126 4279 1132 4318 :
1147 4277 1180 4319 ex
1188 4261 1344 4388 cordager
1359 4260 1435 4316 deso·
1517 4261 1518 4326 l

856 4339 914 4391 tani
944 4335 1179 4402 meditationem
1209 4349 1241 4390 ex
1268 4333 1295 4390 la
1317 4333 1362 4401 iis,
1379 4343 1435 4412 'per

855 4405 993 4481 leryidam
1009 4405 1198 4474 locutionem
1214 4409 1243 4462 et
1257 4421 1289 4462 ex
1308 4403 1435 4460 omnibus
1517 4471 1518 4484 χ
