3104 5034
206 428 253 484 ²⁸⁴
533 443 684 501 securiori
710 447 828 503 riiris
855 448 960 503 niiur
989 449 1110 504 iiiii

206 537 483 626 spostoligaudete
499 548 530 607 in
547 551 659 609 Christo
674 553 746 625 inso,
761 559 790 612 et
842 572 918 614 nune
930 555 1045 626 tenetis,
1061 573 1137 614 nunc
1149 556 1180 614 in
1194 558 1255 630 eins
1269 554 1363 614 castis
1372 569 1428 637 aiii·

207 615 311 697 iterum
329 616 529 702 drongandete
544 639 607 681 cum
625 626 736 684 Christo
751 627 790 685 l'a-
843 628 971 701 plexibus
985 628 1139 697 nuic-ritis,
1156 633 1186 686 et
1203 629 1336 686 duellia
1356 627 1430 682 subis

207 683 316 770 ¹¹l¹¹¹.³¹'¹.
327 687 436 748 laetitia.
454 694 524 750 Ecce
548 695 624 754 enim
642 714 727 769 quem
742 701 790 756 vi·-
844 700 922 758 nulla
936 700 1110 758 insidiatoris
1121 701 1319 758 fraudulentia
1331 702 1429 772 potest.

205 751 289 837 distis
308 774 336 816 in
355 762 448 820 medio
465 766 549 822 vestrl
564 770 747 840 esurientem,
762 776 791 828 et
844 773 945 829 Verum
962 777 1056 829 autem
1074 772 1148 829 inter
1168 789 1268 830 omnes
1286 770 1430 829 roeticolts

208 831 360 912 sitientem.
374 837 402 890 et
421 835 469 891 lati
491 841 616 909 atum,et
627 840 672 898 his
687 841 790 899 similia
844 841 1018 900 uberrimum
1030 843 1081 900 tibi
1091 843 1226 917 gaudium
1239 843 1287 914 sit,
1300 860 1319 900 o
1333 844 1429 910 llaria,

206 911 302 956 carnis
317 903 434 988 infirma
446 851 627 971 tolerantem.
641 913 677 970 ab
692 913 790 970 omni·
843 913 986 987 virginum
1000 915 1086 988 Virgo
1106 914 1270 987 singularis,
1287 929 1431 996 rosa'coe-

207 965 260 1025 bus
275 975 433 1054 reprobari,
448 983 555 1038 etcum
577 983 723 1041 sceleratis
744 1001 789 1043 re·
841 985 904 1043 lices
925 986 1110 1055 amoenitatis,
1126 987 1319 1057 praelneidnm
1343 987 1430 1066 sidus,

205 1049 298 1110 putari
311 1059 318 1112 ;
335 1051 477 1116 quomodo
493 1051 569 1122 vicit,
589 1056 732 1126 quomodo
747 1073 789 1114 re·
843 1055 919 1114 inter
932 1058 1082 1131 primaevas
1095 1059 1227 1115 lucernas
1244 1057 1340 1115 divini
1353 1057 1430 1114 lunii·

129 1129 131 1134 v
205 1117 286 1181 goat,
301 1119 445 1186 quomodo
455 1120 481 1204 ei
496 1123 655 1182 omniasub
669 1127 789 1200 pertibus
843 1127 888 1186 nis
908 1133 1092 1202 susceptivas,
1108 1127 1138 1186 in
1152 1131 1221 1188 lesu
1236 1134 1287 1186 tno
1303 1127 1431 1186 dulcissi-

205 1187 281 1264 sum,
302 1201 385 1256 quam
404 1190 547 1261 gloriosus
566 1194 596 1252 in
621 1213 672 1254 suo
692 1197 788 1258 divino
843 1217 890 1258 nio
914 1201 994 1270 Filio,
1010 1203 1072 1260 sola
1094 1216 1154 1274 pre
1177 1201 1318 1260 omnibus
1361 1200 1431 1257 aude

203 1251 424 1339 lumineul'ulget
437 1270 466 1342 et
487 1263 530 1321 sui
551 1267 648 1338 gandii
672 1285 788 1342 suosque
842 1273 946 1345 gaudio
965 1289 1069 1346 magno
1082 1291 1089 1331 :
1103 1273 1171 1344 quia
1185 1288 1281 1344 quein,
1294 1281 1330 1331 ut
1341 1217 1430 1329 {omi-

203 1323 356 1412 ineffabilis
369 1335 468 1458 {gloriae
480 1351 554 1393 nune
568 1355 618 1396 vos
629 1340 722 1398 socios
736 1345 786 1399 lia-
843 1359 909 1402 nem
927 1345 1074 1427 peperisti,
1099 1350 1128 1402 et
1147 1343 1271 1417 propriis
1295 1343 1431 1402 uberibus

202 1393 262 1476 liet,
281 1413 418 1486 (1¹¹¹.‘'¹l¹¹
434 1409 631 1478 permansistis
645 1428 710 1469 cuin
725 1412 787 1486 ipso
999 1416 1005 1428 '

202 1472 453 1548 intentationibus
472 1483 540 1550 suis,
556 1487 584 1539 et
609 1483 787 1542 vexationum
842 1486 931 1544 versis
947 1487 1055 1545 civilius
1077 1487 1139 1544 coeli
1164 1487 1279 1556 adoras,
1296 1493 1332 1545 ut
1346 1488 1428 1544 Deum

202 1552 427 1626 eiusconsortes
448 1549 548 1608 fuistis.
566 1555 689 1613 Adorale
712 1573 786 1614 nunc
843 1557 936 1616 vivum
951 1564 980 1616 et
993 1575 1102 1617 verum.
1114 1559 1223 1626 Gaude,
1237 1559 1308 1617 felix
1324 1561 1428 1615 linter:

203 1607 298 1670 dulcia
310 1614 359 1673 illa
370 1633 545 1694 genua‚quae
556 1641 587 1682 se
597 1635 787 1686 curvaverunt
863 1629 1001 1700 uiaquem
1014 1630 1108 1688 vidisti
1123 1649 1149 1686 ιιι
1165 1631 1242 1702 ligno
1253 1629 1354 1687 crucis
1364 1645 1428 1702 pen-

202 1687 269 1740 ante
289 1700 339 1769 vos
356 1704 445 1817 usgue
471 1695 507 1750 ad
523 1701 645 1776 terram,
667 1700 789 1756 sedenti·
841 1646 1089 1771 flentemmiuesin
1098 1705 1170 1759 coelo
1180 1707 1357 1774 regnantem
1367 1715 1427 1782 cum

202 1751 257 1810 bns
271 1758 350 1814 voltis
368 1775 386 1816 a
427 1767 648 1825 sacratissimam
664 1786 784 1828 roenam.
841 1771 933 1844 gliirla
948 1789 1065 1843 maana;
1081 1773 1160 1830 vides
1171 1789 1286 1830 nninsin
1300 1773 1428 1855 altitudi-

202 1823 326 1909 ildornte
343 1846 417 1888 nunc
434 1845 633 1896 sacrosanctas
650 1840 714 1898 illas
730 1857 786 1899 nia·
841 1859 905 1901 nem
916 1849 1083 1910 coelestium,
1097 1845 1287 1914 terrestrium,
1298 1854 1332 1902 et
1348 1845 1427 1900 inler-

201 1907 257 1951 nus
272 1899 374 1968 quibus
390 1905 534 1974 pulverem
551 1914 654 1982 pedum
671 1925 786 1972 vestro-
841 1931 944 1973 norum
959 1918 1098 1989 majestati
1125 1917 1186 1989 ojus
1203 1915 1387 1978 inclinatam.
1402 1919 1427 1971 el

202 1981 266 2048 rum
282 1969 340 2026 ltex
354 1987 454 2047 regum
468 1977 575 2051 lavare,
591 1988 620 2039 et
638 1989 786 2058 extergere
841 2003 925 2044 omne
945 1989 1034 2044 robur
1055 1988 1235 2045 inimicorum
1258 1989 1324 2060 ejus
1348 1986 1425 2044 attii·

201 2036 333 2108 diguatus
347 2047 400 2102 est.
416 2047 542 2109 Gaudete
556 2052 585 2110 in
600 2055 667 2112 lesu
682 2059 785 2128 princi·
840 2063 910 2114 tum.
925 2058 1213 2131 Gaudiegaudiornm
1224 2059 1282 2116 sint
1293 2059 1424 2128 tibi‚om·

843 1421 982 1482 enutristi,
997 1432 1088 1486 insum
1103 1431 1167 1473 cum
1184 1415 1305 1488 Angelis
1321 1423 1353 1472 et
1366 1413 1432 1471 uni-

200 2122 236 2190 ps
253 2110 361 2198 militie
377 2125 490 2202 vestrae,
505 2138 556 2181 ros
569 2126 705 2200 Martyres
712 2129 786 2256 glo-
840 2128 886 2185 nis
894 2130 1074 2202 pulchritudo
1086 2131 1266 2188 Sanctorum.
1283 2132 1426 2190 Beatalo

199 2195 268 2266 rinsi
283 2200 290 2239 :
306 2201 374 2256 quia
400 2207 492 2264 ipsum
515 2211 567 2267 pro
587 2213 644 2269 quo
667 2203 711 2256 tra
731 2199 784 2257 idi·

198 2255 783 2354 atisinmortemanimasvestras‚ipsnm,

200 2339 316 2410 inquam
338 2331 546 2395 JesumFiliiim
556 2339 605 2397 Dei
620 2343 782 2424 possidetis,

197 2408 347 2476 praemium
365 2408 530 2466 certaminis
545 2419 640 2469 vestri.
656 2413 784 2473 Gaudete

199 2479 228 2521 in
243 2468 310 2525 trin
332 2489 444 2555 summo
470 2481 590 2538 Dootnre
614 2485 783 2555 veritntis‚o

198 2541 353 2618 venerandi
376 2545 558 2607 Confessores
577 2561 606 2609 et
624 2555 781 2614 Doctores:

198 2621 265 2679 quia
285 2625 369 2680 quem
393 2619 461 2673 olim
477 2620 614 2680 doctrinis
639 2625 738 2690 sacris.
754 2633 783 2685 et

196 2680 782 2828 tillidi}”tlttslltlttt{stt

362 2799 370 2826 i

198 2819 282 2877 Patre
297 2841 359 2898 suo,
375 2837 404 2888 et
419 2833 529 2892 Sanctis
543 2843 571 2894 et
580 2838 697 2912 Angelis
709 2843 781 2914 ejus.

197 2891 324 2956 Gaudete
339 2899 369 2958 in
383 2904 450 2962 lesu
467 2905 576 2979 virgine
593 2915 621 2966 et
640 2909 780 2983 virginum

196 2969 416 3047 sanctllratore,
433 2992 483 3034 vos
503 2981 697 3051 paradisicolae
719 2986 782 3042 llir·

196 3050 287 3110 gines,
301 3057 350 3100 vos
363 3045 480 3128 Angelis
492 3049 599 3110 similes
613 3072 620 3110 ε
638 3055 704 3136 qnia
715 3072 780 3114 ecce

104 3125 108 3136 ·
197 3121 280 3179 quem
298 3127 426 3187 amastis,
464 3137 528 3178 uem
548 3129 677 3197 optastis.
694 3143 780 3200 quein

195 3181 362 3262 ardentibus
384 3135 535 3266 desiaeriis
558 3196 714 3269 expetistis,
730 3216 779 3272 pro

196 3266 276 3323 cuius
290 3271 388 3318 amore
403 3267 533 3323 terrenos
541 3283 671 3340 sponsos,
682 3275 710 3326 et
722 3286 780 3327 om·

194 3337 260 3383 neni
288 3338 420 3390 ornatum
447 3337 534 3394 seculi
558 3341 777 3413 contempsistis,

192 3397 295 3456 summi
325 3403 411 3478 Regis
436 3407 539 3466 Filium
568 3427 644 3468 nune
663 3414 775 3487 videtis,

840 2217 962 2258 rusaiem
982 2203 1072 2260 Mater
1098 2213 1206 2270 nostra,
1245 2219 1289 2260 uae
1312 2217 1423 2260 sursum

839 2288 882 2342 es,
901 2273 1084 2331 testivitatem
1101 2290 1155 2343 age
1170 2277 1204 2331 iae
1257 2275 1381 2342 undam,
1398 2277 1424 2354 et

839 2342 1050 2402 indeficientem
1066 2348 1095 2402 in
1109 2344 1220 2403 visione
1250 2346 1375 2418 pacifica
1387 2351 1423 2400 tui

837 2417 916 2484 lesu,
936 2415 1076 2474 libertatis
1101 2417 1141 2474 tui
1167 2418 1311 2474 auctoris!
1331 2420 1366 2475 Et
1384 2422 1421 2483 tu,

838 2503 914 2544 nune
946 2505 1058 2546 rursum
1084 2488 1207 2558 elevare,
1227 2503 1327 2546 anima
1352 2503 1421 2556 mea,

838 2559 914 2630 quali
929 2565 1011 2686 notes
1023 2565 1137 2628 conatu,
1154 2566 1183 2617 et
1196 2559 1286 2618 sacris
1302 2569 1333 2618 te
1348 2560 1421 2630 inne

837 2645 869 2686 re
883 2627 930 2686 mil
944 2631 1008 2689 ibus
1024 2631 1183 2689 laetantium
1199 2634 1227 2688 in
1240 2633 1365 2690 Domino
1377 2633 1420 2688 Jo-

838 2716 882 2758 su.
900 2703 967 2758 lllnc
981 2702 1048 2760 lldei
1061 2709 1089 2760 et
1105 2701 1312 2775 speiveliicnlo
1325 2718 1419 2775 perge,

837 2771 876 2830 ibi
890 2789 943 2846 per
954 2773 1082 2832 caritatis
1092 2775 1224 2832 ardorem
1239 2789 1419 2841 conversare,

836 2845 885 2900 aba·
900 2847 1025 2902 Christus
1038 2853 1078 2903 est
1087 2849 1117 2902 in
1126 2847 1241 2903 dentem
1253 2849 1303 2903 Dei
1315 2848 1419 2904 sedens.

836 2917 955 2972 Intende
983 2917 1086 2974 inentis
1116 2919 1231 2976 oculuni
1254 2918 1287 2974 in
1316 2917 1421 2975 lumine

837 2989 929 3044 vultus
944 2989 1017 3060 eius,
1029 2990 1118 3046 lustra
1133 3005 1167 3046 ae
1180 2989 1350 3047 deosculare
1363 3005 1421 3062 gra-
1509 2993 1510 3000 ’

837 3059 993 3116 tulibunda
1010 3059 1163 3118 devotione
1179 3061 1293 3132 singula
1307 3061 1419 3118 locale·

835 3127 932 3186 licium
952 3131 1100 3205 plagarum
1116 3133 1187 3214 ejus.
1204 3132 1239 3188 de
1261 3131 1369 3205 quibus
1385 3148 1419 3190 e·

834 3200 926 3273 gressi
942 3209 1008 3260 sunt
1027 3203 1143 3275 pretiosi
1157 3203 1196 3261 illi
1213 3204 1339 3276 liquores
1355 3219 1418 3262 san·

833 3271 929 3346 guinis
942 3275 1027 3345 sacri,
1042 3289 1098 3347 qno
1113 3281 1141 3332 te
1161 3293 1177 3332 a
1200 3275 1334 3347 irretierit
1353 3274 1416 3334 Uni·

833 3347 945 3416 genitus
961 3345 1021 3416 Dei,
1037 3352 1067 3403 et
1081 3291 1272 3404 sanctiKcsvlt
1288 3348 1319 3404 in
1332 3347 1416 3404 vitant

833 3420 970 3475 eternam
988 3433 996 3474 ε
1012 3439 1028 3470 n
1043 3418 1105 3476 haec
1120 3419 1280 3477 noscimus.

485 3742 503 3785 ,
740 3707 869 3766 osirin

210 3887 339 3971 ,Gratias
353 3899 382 3951 et
395 3895 493 3958 laudes
504 3899 557 3959 tibi
571 3917 637 3974 ago,
652 3903 773 3962 Domine
788 3906 862 3963 Dens
882 3923 972 3978 meus,
990 3909 1186 3968 misericordia
1208 3926 1284 3978 ntea,
1299 3912 1349 3984 qui
1374 3928 1416 3970 me

187 3959 321 4043 dignatos
336 3980 369 4047 εξ
381 3981 489 4050 creare,
505 3978 533 4028 et
548 3973 699 4043 redimere,
715 3978 856 4048 atqne'ad
871 3981 910 4036 tui
925 3981 1103 4052 agnitionem
1119 3983 1284 4052 nendicans,
1312 3991 1343 4040 et
1368 4001 1415 4054 ner
1509 4013 1510 4020 κ

190 4045 264 4088 sacri
289 4033 470 4118 Baptisinatis
490 4043 663 4103 ablutionem
680 4046 755 4104 inter
770 4048 844 4105 llllos
868 4050 1031 4122 adoptionis
1043 4069 1209 4127 aggregare.
1226 4057 1264 4112 Te
1279 4057 1374 4126 lando,
1391 4061 1415 4112 te

188 4103 328 4186 glorifico,
344 4122 390 4190 quui
404 4124 448 4165 me
463 4127 538 4185 saepe
553 4121 704 4184 permulta
718 4121 887 4178 defluentem
902 4123 1012 4180 iltiaad
1028 4127 1256 4183 emendationem
1270 4138 1414 4199 exspecta·

188 4181 235 4244 sti,
250 4192 284 4234 ac
298 4177 334 4234 de
350 4181 435 4237 triliul
447 4182 581 4243 itionibus
595 4193 622 4243 et
640 4191 770 4256 vericulis
783 4191 879 4248 multis
892 4195 1035 4263 liberasti;
1053 4195 1103 4252 tilii
1114 4197 1226 4324 gratias
1239 4213 1292 4254 aso
1308 4213 1359 4269 pro
1375 4199 1415 4254 in·

189 4247 278 4318 centis
289 4247 317 4305 iii
333 4265 378 4308 me
393 4254 492 4324 gratiae
508 4263 563 4314 tuae
577 4258 668 4326 donis,
685 4278 748 4329 ainai
763 4263 912 4334 depreror,
924 4273 955 4322 nt
967 4266 1113 4324 misericor

1135 4273 1188 4325 iter
1203 4269 1344 4339 perficias,
1360 4285 1413 4326 me·

188 4331 242 4388 que
256 4319 287 4378 in
304 4325 376 4384 iiain
391 4325 491 4386 salutis
505 4337 620 4386 eterne
636 4329 754 4402 dirigas,
768 4340 796 4390 et
819 4336 855 4392 ad
869 4342 947 4395 tuam
974 4338 1113 4398 visionem
1132 4339 1252 4398 lelioitsr
1266 4339 1413 4412 perducas.
1509 4359 1510 4416 i

189 4393 287 4450 turen.
