3036 5042
183 379 214 434 δῦ
533 368 692 426 ticulum
720 359 839 418 Plutia
866 365 972 418 catut
1002 367 1041 420 tx

186 480 588 557 mediumnobispoenitentiae
599 475 768 562 ostenditur,

183 566 212 618 et
226 561 255 616 in
266 557 396 620 maximis
406 553 570 614 excessibus
581 565 694 609 ventam
707 561 766 619 spe·

185 647 249 690 rarc
261 629 436 698 conceditur,
452 643 515 682 curn
527 627 627 682 Petrus
636 627 699 694 prust
709 625 767 700 tau·

184 711 245 762 tum
260 707 407 774 peccatum
422 700 511 756 lactus
526 696 563 754 sit
570 697 678 768 janitor
693 689 768 774 ooelr,

187 791 221 834 ac
236 774 369 831 omnibus
390 785 491 828 norma
509 773 539 826 et
560 765 658 840 regula
672 775 771 837 poenr-

188 845 310 904 tendi-
327 846 441 902 Sextum
452 845 505 910 est,
519 839 594 924 quod
607 853 660 894 nos
675 849 771 893 cavea·

188 933 253 976 mus
268 931 305 972 ne
317 928 454 986 umquam
469 913 612 971 Chrtstum
622 919 769 986 negemus:

159 1027 161 1032 -
189 985 333 1048 Christum
346 987 562 1066 namquenegat
575 979 638 1054 quis
648 979 679 1036 ln
688 993 771 1064 'omna

189 1057 302 1118 mortali
328 1064 544 1132 peccato,qu1a
568 1048 771 1136 consentiendo

188 1129 315 1199 diabolo,
332 1132 508 1202 abnegamus
520 1126 675 1191 constan,
690 1125 771 1178 etre-

190 1201 317 1260 redimus
326 1203 362 1259 ab
375 1216 420 1258 eo.
431 1230 466 1242 -
477 1201 509 1256 ln
522 1193 727 1254 conformando
741 1208 771 1276 se

190 1271 256 1332 huic
271 1272 401 1340 articulo,
416 1273 521 1354 cogitet
532 1271 617 1326 bomo
631 1281 715 1350 quam
726 1279 771 1336 pre

189 1347 281 1420 ipsum
296 1346 370 1401 Deus
388 1341 531 1414 respeciet,
548 1343 576 1396 et
594 1343 663 1396 lunc
682 1340 773 1393 rnstar

188 1417 266 1477 beati
281 1416 358 1473 Petri
376 1417 585 1472 rememoretur
596 1413 774 1483 peccatasua

187 1487 313 1549 breviter
324 1492 354 1544 et
368 1483 534 1552 summarie,
545 1489 574 1540 et
587 1485 771 1564 sequentum

189 1569 283 1630 potest
299 1561 432 1633 lacrymis
442 1555 542 1614 sallem
553 1554 647 1611 cordis
658 1553 771 1608 delicat.

186 1637 260 1701 Jesu,
281 1633 330 1704 qui
349 1648 367 1686 o
386 1631 463 1685 beato
481 1630 561 1684 Petro
579 1626 773 1710 Apostolorum

188 1711 297 1764 tuorum
307 1703 434 1774 principe
453 1704 494 1756 ter
504 1699 602 1765 repara·
616 1701 642 1754 te
655 1696 773 1766 pertula-

188 1781 236 1850 sts',
252 1779 356 1849 quique
374 1787 434 1828 eum
452 1767 668 1826 misericorditer
685 1767 772 1852 respi-

184 1851 257 1906 siens
277 1851 383 1906 reetttm
396 1858 475 1900 suum
489 1855 582 1896 amore
593 1839 772 1909 decolorasti,

185 1924 299 1994 respice,
333 1913 772 1996 trasmmeoculoelementiaetom,

187 1998 213 2050 et
227 1935 341 2050 conseris
350 2005 392 2045 me
405 1987 496 2046 uerbis
507 1986 551 2041 oet
564 1986 649 2052 factes
660 1987 686 2039 te
697 1999 774 2038 aom-

187 2076 402 2138 promereare,
427 2065 453 2116 st
473 2061 585 2130 peccota
610 2069 669 2111 mea
689 2055 772 2125 dipae

188 2139 222 2193 de
272 2153 297 2196 e.

222 2140 771 2277 &QuemneuocrsuPsssromsrssus

186 2297 248 2337 serr
280 2282 415 2338 Donruns.
440 2305 473 2318 -
501 2270 770 2354 Tandemulatigati

187 2351 278 2424 princi
300 2367 331 2407 es
347 2349 522 2412 ludaeorum,
540 2348 702 2426 etmmrstrr
717 2359 771 2398 ιιιι-

190 2422 317 2492 qairrus,
332 2425 361 2476 et
374 2417 461 2475 ceteri
482 2414 574 2474 tudam
592 2417 772 2495 recesserunt

188 2497 289 2549 euntes
303 2491 339 2548 ad
356 2485 568 2552 dormiendum,
582 2492 610 2540 et
627 2489 771 2542 mittentes

189 2563 341 2620 Dominum
356 2563 452 2620 tasum
466 2557 497 2614 ia
512 2556 664 2628 quemdam
678 2571 771 2614 carce·

189 2650 249 2691 rem
265 2633 304 2690 ibi
318 2633 418 2692 subtus
428 2626 575 2696 solarium,
587 2627 668 2709 cujus
678 2629 770 2685 adbuc

187 2705 277 2761 rideri
296 2708 388 2786 potest
412 2698 582 2770 vestigium
610 2698 771 2770 ligaverunt

188 2793 254 2835 eum
269 2775 309 2834 lb1
334 2775 368 2832 ad
386 2772 538 2845 quamdam
552 2769 712 2826 columnam
726 2771 770 2830 la-

210 2847 315 2914 ideam,
331 2846 411 2919 cujus
434 2859 500 2918 pars
527 2841 633 2898 ibidem
664 2847 771 2900 mutata

189 2865 253 2989 init,
265 2925 292 2976 et
301 2918 404 2983 adhue,
417 2922 449 2973 ut
461 2913 574 2982 dicitur,
586 2921 713 2986 apparet.
726 2914 771 2972 bi-

187 2991 327 3049 miserunt
338 2984 523 3046 nihilominus
534 3001 597 3042 cum
613 3001 647 3068 eo
659 2985 770 3070 aliquos

187 3067 314 3120 armatos
326 3061 363 3118 ad
380 3058 513 3117 tutiorem
539 3057 706 3127 custodiam,
722 3075 768 3130 qur

189 3151 255 3192 eum
281 3135 454 3192 vexaverunt
476 3145 528 3203 per
550 3135 638 3186 totam
657 3134 767 3186 nortem

188 3206 347 3275 residuam,
364 3203 445 3334 guasi
464 3218 522 3260 non
544 3201 686 3258 sufficeret
708 3202 769 3266 dies

186 3281 221 3336 ad
233 3279 363 3353 complen
387 3293 436 3335 um
455 3273 596 3356 malitiam
612 3289 702 3355 suam,
718 3274 767 3330 de-

185 3351 394 3423 risionibusque
412 3354 440 3406 et
455 3345 702 3426 maledictionibus
718 3362 768 3402 ra·

187 3427 285 3480 cantes
318 3420 555 3484 convitiabantur,
575 3433 600 3472 et
619 3416 767 3473 dicentess

188 3487 314 3550 Putabas
324 3497 353 3548 te
363 3507 427 3548 esse
438 3485 651 3562 prudentiorem
668 3488 769 3561 prinoi-

184 3562 278 3636 pibus,
295 3569 324 3620 et
353 3559 514 3630 Pharisaeus,
534 3574 608 3614 nunc
629 3561 677 3615 tua
697 3559 767 3643 stul-

185 3633 248 3692 titia
260 3639 391 3710 apparet,
402 3632 489 3692 modo
504 3635 563 3688 stas
577 3634 609 3687 ut
622 3637 765 3704 convenit,

825 478 852 528 ct
866 484 956 532 morto
977 476 1173 534 crudelissima
1191 477 1246 534 cito
1262 480 1416 540 morieris.

825 546 938 604 intuere
951 545 1038 620 igitur
1052 548 1174 619 qualiter
1186 548 1228 606 illi
1242 551 1375 610 audaces
1388 561 1417 610 ct

824 617 940 688 pessimi
956 618 1148 678 convitiantur
1162 621 1255 678 cidem
1269 628 1299 680 et
1314 624 1414 682 insul-

826 693 908 746 tant:
923 695 952 746 et
963 691 1049 748 modo
1065 708 1150 762 unus,
1166 693 1252 750 modo
1263 694 1340 752 alius
1354 713 1417 753 rer·

826 759 871 817 bis
886 765 914 818 et
929 761 1001 820 torto
1020 763 1106 821 etiam
1125 764 1207 822 lactis
1226 773 1326 824 contra
1344 785 1417 826 eum

827 829 987 905 insurgunt.
1001 836 1091 892 Tanta
1114 837 1190 892 enim
1213 835 1311 894 dicunt
1325 847 1357 896 et
1373 841 1417 897 la-

827 902 906 960 ciunt
918 903 944 960 oi
953 905 1153 976 irreverenter,
1161 908 1327 980 hujusmodi
1339 927 1418 969 mer-

827 974 934 1032 cenarii
953 977 1129 1034 stultissimi
1155 987 1262 1050 quanta
1279 989 1414 1054 possunt.

827 1047 907 1105 Unde
923 1050 1088 1106 Anselmusr
1103 1050 1336 1110 «Noniusomnis
1350 1061 1417 1114 tota

827 1119 994 1191 ducebatur,
1007 1121 1087 1179 nulla
1101 1137 1217 1194 prorsus
1231 1125 1348 1196 requies
1362 1129 1416 1184 Je-

828 1207 859 1248 su
895 1195 1084 1264 restabslur3
1108 1193 1305 1256 ministrorum
1323 1197 1416 1282 impia

827 1207 909 1336 pleis
921 1264 1082 1336 injuriatur,
1093 1265 1181 1336 alapis
1193 1271 1221 1323 et
1231 1268 1362 1342 colaphis
1372 1288 1415 1328 ιιι-

828 1351 935 1392 nocens
956 1342 1105 1395 mactatur.
1126 1340 1240 1395 intuere
1260 1357 1335 1398 nunc
1359 1359 1414 1425 op-

828 1406 952 1476 probriis
979 1409 1129 1466 Dominum
1156 1414 1414 1482 verecundamur

827 1479 976 1536 tormentis
994 1480 1241 1554 compatientem,
1258 1489 1287 1540 et
1300 1485 1413 1542 vultum

828 1565 941 1622 semper
960 1551 996 1608 ad
1022 1557 1129 1610 terram
1149 1554 1313 1626 habentem,
1329 1561 1358 1614 ot
1373 1559 1413 1614 si-

827 1623 933 1679 lentem
949 1623 985 1680 ad
1000 1623 1106 1690 omnis,
1122 1629 1269 1698 tamquam
1283 1644 1351 1686 vere
1367 1645 1412 1687 es

827 1701 869 1750 set
881 1694 1075 1767 deprehensus
1085 1695 1114 1753 in
1124 1697 1215 1770 culpa,
1225 1703 1252 1755 et
1267 1699 1413 1757 miracor-

827 1765 871 1821 dis
886 1765 1056 1824 contritione
1073 1775 1233 1842 compatere
1252 1775 1301 1827 tuo
1317 1773 1412 1830 Crea-

827 1837 882 1894 tori
900 1855 906 1894 :
921 1859 935 1888 u
952 1839 1219 1897 haecrlmetmusdtt
1232 1841 1273 1898 sic
1285 1847 1342 1900 stat
1352 1845 1410 1900 Do·

827 1907 922 1966 minus
935 1917 1030 1968 rectus
1044 1912 1081 1968 ad
1095 1913 1178 1970 istam
1194 1912 1357 1972 columnam
1373 1916 1412 1972 li-

827 1987 919 2053 gatus,
936 1987 964 2039 et
982 1987 1126 2040 saturatus
1145 1985 1306 2058 opprobriis
1321 2004 1353 2043 us
1374 2005 1411 2044 ua

827 2069 921 2123 mane,
937 2053 1059 2136 sillictus
1079 2054 1164 2114 nimis
1187 2055 1294 2128 frigore
1313 2003 1410 2116 etia·

825 2125 907 2194 bore,
923 2141 990 2197 quaa
1004 2126 1094 2183 biems
1109 2133 1171 2185 erat
1190 2134 1218 2184 st
1233 2135 1331 2188 noctes
1345 2131 1409 2189 lon-

825 2213 879 2270 gae.
895 2199 935 2254 tu
947 2213 982 2254 or
1002 2215 1019 2255 o
1040 2197 1095 2256 ibis
1116 2199 1153 2256 ad
1176 2215 1254 2270 eum,
1268 2208 1298 2258 et
1317 2204 1410 2260 rebe-

826 2277 938 2326 menter
960 2214 1014 2326 siit
1036 2270 1222 2342 compatiens,
1236 2271 1313 2330 dices
1332 2275 1369 2331 ad
1384 2274 1409 2332 i-

827 2357 930 2416 psum:
948 2341 1104 2408 Oltomiae,
1119 2344 1157 2398 cd
1175 2361 1291 2414 quorum
1310 2363 1409 2402 monus

825 2415 949 2468 uenisti?
971 2413 1082 2481 Quanto
1107 2420 1146 2471 est
1172 2417 1310 2486 patientie
1343 2423 1409 2475 tuo!

827 2487 896 2542 Vere
907 2487 963 2542 ista
971 2491 1012 2541 est
1023 2487 1091 2542 bore
1103 2487 1286 2544 tenebrarum.
1298 2489 1332 2544 Et
1342 2495 1408 2546 tunc

825 2555 1007 2613 devotissime
1019 2557 1195 2614 osculaberis
1209 2575 1312 2616 manus
1320 2567 1349 2616 et
1361 2578 1407 2643 pe

825 2627 876 2684 des
895 2629 956 2700 ejus
972 2629 1158 2701 venerabiles,
1180 2635 1207 2686 et
1228 2630 1341 2688 vincula
1360 2634 1409 2689 rlla

824 2699 987 2769 durissima,
1004 2704 1032 2755 ct
1046 2701 1159 2759 sedebis
1174 2700 1214 2758 ibi
1228 2703 1265 2760 ad
1278 2703 1367 2775 pedes
1376 2705 1409 2760 il·

824 2770 880 2828 lius
894 2771 994 2828 dolens
1009 2777 1037 2828 et
1051 2772 1164 2845 lugens,
1180 2774 1405 2833 etdices:01to·

823 2846 897 2900 mine
922 2847 996 2908 Jesu,
1019 2846 1116 2902 saltem
1148 2848 1303 2917 requiescet
1325 2853 1409 2920 caput

824 2921 902 2972 tuum
914 2931 998 2988 super
1014 2917 1155 2974 tumerem
1165 2934 1264 2984 meum,
1275 2935 1310 2976 ea
1321 2925 1408 2990 quote

825 2988 943 3042 liberere
956 3004 1010 3044 non
1023 3005 1145 3059 possum.
1162 2989 1195 3045 ut
1209 2994 1277 3046 tunc
1296 3007 1405 3048 recom-

823 3059 973 3115 mandabis
982 3058 1054 3128 teci,
1065 3065 1094 3116 et
1104 3077 1203 3117 omnes
1212 3061 1321 3120 amicos
1330 3067 1404 3132 tuos,

823 3135 851 3187 et
868 3135 959 3187 totum
974 3131 1083 3204 absque
1100 3131 1187 3190 dubio
1204 3133 1342 3192 concedet
1355 3133 1404 3192 tibi

824 3202 961 3274 quidquid
975 3203 1121 3274 rogaveris
1135 3209 1163 3260 ct
1175 3206 1294 3276 petieris
1308 3207 1345 3264 ab
1359 3223 1403 3264 co.

822 3275 856 3330 m
871 3273 947 3330 dices
961 3273 1006 3331 ei:
1023 3275 1182 3346 Oltomiae,
1195 3277 1362 3347 qaiddicom
1377 3282 1405 3334 in

822 3349 974 3403 crastinum
993 3347 1164 3416 dipsisstmae
1181 3350 1270 3406 Murra
1284 3353 1360 3406 turs?
1375 3353 1405 3406 Et

822 3417 862 3475 sic
881 3418 916 3474 ad
934 3419 1021 3490 pedes
1041 3417 1221 3476 beatissimos
1241 3418 1404 3492 aliquantu·

821 3490 878 3546 lum
894 3489 1061 3546 dormitabis
1074 3495 1104 3548 el.
1117 3490 1258 3564 quiescet,
1268 3491 1293 3549 si
1310 3497 1404 3550 tamen

821 3561 946 3619 dormire
963 3565 1053 3634 potes,
1067 3561 1108 3620 int
1120 3561 1158 3620 ali
1168 3567 1243 3620 statu
1255 3564 1404 3622 Dominum

821 3638 901 3692 tuum
918 3632 1028 3690 ridens.

723 3812 852 3872 ORATIO

216 3987 337 4048 Domine
350 3987 418 4044 lesu
438 3977 624 4050 dunstanni
650 3980 723 4037 hora
740 3978 879 4037 matutina
899 3997 994 4038 coram
1010 3985 1093 4040 Anna
1109 4001 1126 4040 a
1140 3983 1270 4043 ministro
1292 3987 1402 4060 alapam

180 4059 338 4144 suscepisti,
354 4061 381 4116 et
392 4061 421 4114 te
433 4051 551 4125 ligatum
565 4050 602 4108 ad
621 4050 757 4134 Caipham
774 4052 838 4133 duci
856 4052 1020 4124 permisisti,
1037 4061 1065 4110 at
1080 4059 1139 4112 tota
1154 4066 1236 4114 nocte
1250 4058 1339 4116 multa
1352 4077 1402 4130 op·

178 4136 295 4212 probna
321 4134 351 4188 et
376 4121 557 4186 incommoda
575 4123 728 4194 pertulisti,
744 4125 849 4192 tribue,
870 4141 977 4196 quamo,
994 4125 1062 4184 mitri
1088 4128 1230 4199 peccatori
1252 4135 1282 4186 up
1299 4130 1402 4188 ,imma

177 4207 236 4284 pati
255 4203 394 4279 gaudeam
411 4213 460 4270 pro
474 4192 565 4268 gloria
581 4195 622 4250 tui
636 4193 771 4264 nominis,
787 4199 814 4252 et
827 4196 938 4266 gaudiis
953 4197 1057 4268 pertrui
1079 4213 1190 4256 merear
1204 4201 1318 4258 aetepnts
1344 4203 1401 4260 pp,

178 4294 292 4356 quoque
305 4281 362 4335 tuae
376 4267 491 4346 pietatis
507 4263 608 4334 oeulis,
621 4265 724 4336 quibus
741 4271 807 4323 tunc
826 4267 941 4324 Petrum
959 4268 1117 4341 respexisti,
1133 4287 1178 4328 me
1197 4272 1331 4330 misarum
1346 4275 1398 4331 iro·

177 4358 297 4427 quanter
309 4341 453 4420 respicias,
468 4337 515 4413 qui
531 4341 559 4395 te
571 4336 656 4396 toties
673 4339 769 4410 pravis
782 4338 1013 4410 cogitationibus,
1034 4340 1235 4414 locutionibus,
1256 4345 1399 4418 operibus,
