3124 5038
309 354 348 410 bs
375 355 548 410 GDNGURSD
576 355 693 410 bisuir.
724 355 762 408 li'l
790 355 966 410 nutritur!
993 355 1036 407 tu
1063 353 1293 408 strutcuflult.
1369 354 1414 408 itt

183 459 231 514 ter
246 459 480 520 noctistenebrss
493 465 522 519 et
533 459 768 534 dieiclerltatem,
824 463 1031 534 competentes.
1047 458 1132 530 Lapis
1144 459 1261 518 obstans
1271 457 1409 531 poeniten-

182 530 262 600 quod
282 547 387 590 aurora
406 533 544 606 appellari
560 534 651 603 solet;
673 537 701 590 et
723 549 768 590 se·
823 533 909 602 tibus,
926 537 969 589 est
987 533 1115 603 pronitas
1137 531 1173 588 ed
1195 533 1301 590 melum
1315 553 1323 601 ·,
1337 529 1409 602 lapis

183 603 311 660 cundum
327 607 465 674 blancum,
479 611 621 676 veneunt,
637 611 696 662 orto
705 605 768 675 jem
823 607 939 662 obstans
953 601 1183 676 proficientibus,
1199 609 1242 660 est
1257 602 1410 662 Difficultas

182 675 251 732 sole.
268 678 303 732 Et
316 677 409 749 potuit
421 693 484 735 esse
494 678 531 735 ad
539 677 676 747 litteram,
690 677 767 750 quod
822 677 858 733 ed
872 679 993 744 bonum;
1007 677 1056 732 sed
1069 674 1142 746 lapis
1153 676 1270 732 obstans
1284 679 1412 734 coutem-

182 747 450 818 sordesceremus
474 751 564 805 adbuc
591 751 706 806 tenebre
720 765 768 806 es·
823 747 947 821 platiris,
964 753 1007 804 est
1027 745 1214 804 materialitas
1237 746 1408 819 specierum.

180 824 255 887 sent,
268 820 366 878 venire
376 823 660 896 coeperunt,dllneulo
671 827 767 878 autem
822 822 877 880 Sed
891 820 945 878 iste
960 817 1033 892 lapis
1048 835 1098 891 pro
1113 818 1241 892 quelibet
1255 819 1410 900 stetu,ple·

181 898 336 957 uenerunt,
356 893 407 950 sed
423 899 482 950 orto
496 895 557 964 jam
571 897 637 965 sole,
657 893 693 952 ed
708 909 767 950 mo·
820 909 945 965 rumque
960 895 1125 949 removetur
1138 891 1174 948 ad
1191 889 1284 948 solum
1297 889 1409 950 deside-

99 969 109 992 *
182 966 766 1048 numentumpervenerunt.Etnota,quod
820 963 895 1022 rium
905 966 1009 1022 animm
1022 961 1078 1036 piae
1092 961 1259 1034 querentis,
1299 977 1410 1034 engre-

181 1048 241 1090 ncn
256 1034 317 1092 sine
332 1037 468 1164 mfsterio
480 1037 765 1110 Evangelistaesrcdi·
819 1036 889 1094 tiam
904 1037 1026 1108 Spiritus
1041 1034 1149 1094 Sancti.
1166 1033 1242 1090 Felix
1292 1033 1365 1104 aria,
1375 1031 1405 1092 id

181 1103 342 1164 semimodo

182 1177 235 1259 sed
250 1194 349 1237 omnes
366 1181 539 1239 concordant
565 1179 595 1238 in
614 1183 668 1238 boc
687 1181 764 1254 quod

181 1247 237 1330 luit
251 1265 345 1308 mane.
362 1255 431 1310 Nam
445 1257 477 1310 ut
492 1257 570 1326 petet
586 1269 618 1310 ex
634 1253 762 1326 praemis-

182 1323 326 1404 sis,·istud
350 1323 533 1396 Evangelium
547 1327 674 1398 mystice,
690 1340 762 1397 pro-

181 1391 487 1452 cedrtsecundumtres
497 1401 584 1454 stetus
594 1397 760 1468 electorum,

181 1477 236 1546 per
246 1471 304 1522 tres
320 1467 386 1524 istas
400 1468 503 1525 Marias
515 1468 708 1540 significatos:
724 1474 762 1525 et·

180 1549 257 1591 enim
273 1539 348 1608 quod
362 1541 487 1597 ioannes
502 1540 580 1610 dicit,
596 1557 656 1596 cum
670 1541 761 1597 adbuc

180 1607 297 1664 tenebre
306 1616 405 1681 essent,
417 1611 533 1684 respicit
543 1616 647 1668 statum
660 1611 760 1683 incipi-

179 1678 304 1748 entium;
320 1683 396 1752 quod
407 1699 474 1740 uero
490 1685 578 1740 Luras
593 1684 671 1752 dicit,
687 1685 760 1740 dilu-

178 1752 251 1816 culo,
277 1753 387 1824 re-pirit
409 1759 513 1811 statum
533 1755 757 1828 proficientium,

178 1821 231 1878 sed
243 1825 319 1894 quod
331 1825 406 1881 decit
418 1829 538 1896 Marcus,
550 1833 608 1884 orto
620 1829 680 1897 joni
692 1830 758 1896 sole,

177 1894 296 1966 respicit
309 1902 414 1954 statum
431 1899 621 1971 perlectorum
651 1899 759 1955 Debent

177 1967 759 2047 ergofidelesquaerentesCliristum,qui·

177 2036 249 2093 libet
258 2053 311 2111 pro
323 2047 398 2098 statu
407 2057 458 2098 suo
468 2058 552 2098 mane
563 2041 672 2112 venire,
681 2043 758 2114 quod

177 2115 222 2165 est
235 2115 335 2168 contra
344 2111 450 2184 pigros.
464 2115 574 2171 Debent
584 2115 670 2170 etiem
681 2113 758 2170 veni·

176 2195 210 2237 re
228 2197 285 2238 una
299 2185 492 2252 sabbatorum,
512 2201 564 2258 per
581 2186 655 2257 quod
676 2185 758 2256 quies

177 2257 207 2308 et
218 2267 272 2336 pax
286 2255 380 2312 cordis
394 2255 572 2328 significatur
586 2257 757 2314 :sabbatum

176 2330 286 2381 etenim
301 2331 378 2398 quies
392 2327 607 2401 interpretetur,
623 2329 698 2400 qnod
713 2335 758 2386 est

176 2401 279 2480 contra
292 2397 415 2456 discolos
432 2407 460 2456 et
474 2399 630 2458 discordes.
648 2401 758 2458 Debent

176 2473 263 2524 etiam
279 2470 375 2528 uenire
389 2472 424 2528 sd
440 2477 666 2541 monumentum,
679 2481 708 2530 et
718 2472 756 2529 ibi

177 2553 307 2611 quaerere
319 2542 480 2600 Dominum.
492 2547 703 2601 lienumentum
714 2549 757 2601 est

176 2625 257 2667 mens
265 2613 399 2685 humane,
411 2617 591 2686 quantumad
601 2615 757 2688 quemlibet

175 2687 294 2743 statum.
311 2687 380 2742 Nam
396 2703 445 2744 cor
464 2687 663 2760 poenitentium
685 2687 755 2744 dici-

174 2759 222 2810 tur
231 2764 458 2828 monumentum,
472 2762 582 2816 ratione
596 2759 696 2830 luctus,
708 2760 756 2832 qui

173 2824 251 2908 circa
266 2837 449 2910 monumenta
464 2830 526 2888 lieri
543 2821 629 2899 scium
648 2837 676 2887 et
695 2848 755 2903 pce-

173 2905 325 2979 nrtentium
340 2909 384 2959 est
406 2903 514 2973 lugere,
530 2907 559 2959 et
581 2905 650 2958 llere
671 2919 757 2974 super

172 2985 290 3054 seipsos.
308 2973 521 3030 Proficientium
537 2979 633 3030 nutem
647 2989 698 3030 cor
712 2975 755 3030 di·

172 3045 755 3117 citurmonumentum,rationeoperismi-

172 3113 338 3172 sericordius
353 3117 430 3188 quod
445 3117 474 3174 in
491 3117 656 3200 sepeliendo
672 3134 754 3173 mor-

171 3189 237 3242 tuos
254 3193 414 3258 crematum
433 3194 461 3246 et
476 3195 630 3246 activorum
647 3194 691 3246 est
705 3189 754 3246 in·-

171 3257 274 3316 sietere
291 3260 425 3332 operibus
442 3259 657 3320 misericordiae.
674 3261 753 3318 Con-

171 3330 407 3402 templotivorum·
420 3348 487 3390 vero
505 3349 554 3390 cor
579 3347 753 3390 monumen-

171 3405 233 3458 tum
254 3401 368 3473 Dicitur,
391 3403 501 3461 ratione
518 3403 631 3477 quietis,
652 3405 753 3462 dicuu-

171 3477 221 3529 tur
238 3473 317 3531 enim
334 3491 455 3548 corpora
470 3475 618 3548 quiescere
634 3475 665 3532 in
691 3493 752 3533 mo-

170 3547 328 3618 numentis;
345 3555 374 3603 et
393 3546 475 3618 quies
495 3547 615 3605 maxime
629 3547 666 3604 ed
685 3564 753 3606 con-

169 3617 349 3689 templativos
377 3619 505 3676 noscitur
537 3625 689 3692 pertinere.
721 3623 753 3677 ln

172 3689 224 3746 tali
243 3705 312 3760 ergo
342 3695 538 3760 monumento,
556 3705 608 3762 pro
628 3692 755 3762 quolibet

172 3767 258 3831 stetu,
267 3765 344 3818 recle
355 3763 633 3834 quaerituerristus.
645 3764 753 3820 Debent

173 3831 259 3889 etiem
286 3835 431 3892 obstacula
449 3833 633 3904 impedientia
658 3850 754 3892 remo·

171 3919 250 3974 vere,
263 3919 328 3976 quse
342 3905 541 3980 intelliguntur
564 3921 616 3978 per
630 3906 753 3978 lapidem

171 3992 321 4047 magnum,
335 3978 372 4034 ad
388 3979 492 4035 ostium
511 3977 687 4034 mouumenti
702 3979 752 4036 sd·

170 4048 311 4118 volutum,
331 4055 360 4106 et
378 4065 430 4122 per
443 4051 593 4120 Anneium.
611 4049 753 4106 utstatim

171 4121 246 4176 inira
256 4121 375 4192 patebit,
385 4122 554 4180 revolutum.
567 4124 637 4178 llam
646 4121 674 4178 in
684 4137 752 4193 quo·

169 4191 241 4250 libet
254 4197 329 4249 statu
349 4197 392 4248 cst
406 4193 510 4265 aliquis
533 4192 603 4266 lapis
625 4195 752 4262 obstans,

170 4279 207 4321 ne
222 4265 287 4336 quis
299 4265 390 4336 possit
402 4263 510 4324 intrare
526 4264 555 4324 in
567 4265 752 4324 intimamen·

169 4335 218 4405 tis,
245 4340 273 4394 et
292 4351 441 4394 excercere
478 4341 556 4396 ectus
583 4353 635 4396 suo
665 4339 752 4398 stetui

373 1109 568 1182 oquunturde
591 1108 645 1166 isto
669 1125 763 1178 mane,

819 1113 863 1166 est
876 1108 982 1175 anima,
999 1121 1062 1238 aum
1074 1106 1111 1164 ed
1126 1106 1310 1188 sepulchrum
1323 1103 1405 1164 Chri·
1478 1159 1488 1180 ,

818 1181 853 1236 sti
872 1183 951 1238 veuit
970 1178 996 1235 vi
1019 1195 1079 1248 ere,
1096 1193 1148 1250 per
1176 1178 1404 1248 meditationem,

818 1251 954 1324 plangere
964 1249 1262 1324 percompessionem,
1272 1265 1403 1322 acunge-

817 1339 911 1397 rsper
923 1321 1118 1382 devotioneml
1136 1320 1362 1405 imitemurlergo
1374 1323 1404 1380 et

817 1411 869 1452 nos
886 1395 1000 1454 eosdem
1019 1399 1132 1452 sanctas
1149 1400 1178 1452 et
1201 1393 1399 1450 devotissimas

817 1467 961 1536 mulieres,
981 1469 1012 1525 ut
1025 1466 1098 1523 sicut
1114 1465 1169 1522 illae
1185 1479 1249 1520 cum
1262 1463 1398 1524 aromati·

816 1539 869 1596 bus
884 1538 1036 1598 Dominum
1051 1541 1111 1596 toto
1129 1535 1226 1605 corde,
1242 1551 1276 1593 ec
1291 1534 1401 1594 deside·

816 1610 858 1668 rio
874 1609 1076 1683 quaerebantin
1089 1607 1342 1688 scpulcnr0,quod
1356 1611 1401 1664 est

815 1684 947 1754 proprius
962 1689 1139 1739 mortuorum
1152 1681 1296 1760 iocoque
1309 1685 1337 1736 et
1349 1695 1401 1736 nos

816 1770 879 1810 curn
896 1752 1199 1820 nostrisuromatibus,
1216 1751 1325 1808 scilicet
1340 1765 1346 1805 :
1363 1767 1401 1808 0-

815 1826 963 1897 perntinne
982 1829 1123 1884 bonorum
1143 1837 1274 1894 operum,
1288 1828 1316 1904 et
1330 1821 1400 1880 odo·

816 1913 847 1952 re
862 1897 1010 1967 virtutum,
1021 1899 1216 1966 suavitateque
1224 1899 1401 1966 orationum,

814 1973 874 2025 toto
898 1971 1001 2026 ellectu
1031 1967 1136 2026 mentis
1162 1967 1199 2024 sd
1226 1967 1326 2034 Deum,
1349 1981 1401 2038 per

814 2049 912 2098 sancta
939 2039 1083 2098 desideria
1112 2036 1340 2110 proficiscamur,
1370 2043 1399 2094 et

813 2129 973 2183 queremus
984 2127 1050 2170 eum
1061 2126 1118 2168 neu
1129 2110 1159 2168 in
1170 2109 1334 2190 sepulchro,
1347 2107 1398 2190 sed

812 2183 843 2240 in
858 2185 941 2252 coelo,
954 2199 1010 2256 quo
1022 2181 1117 2254 ipsum
1130 2180 1295 2261 ascendisse
1305 2180 1396 2238 credi·

814 2271 887 2325 mus,
899 2263 928 2313 et
951 2272 985 2314 ue
995 2251 1137 2312 novimus.
1151 2253 1231 2312 Unde
1242 2259 1282 2308 eit
1292 2252 1394 2322 (trepo-

812 2330 873 2384 rr'us
887 2347 895 2386 s
907 2350 921 2380 n
930 2273 1048 2386 iacens
1063 2326 1209 2393 mulieres,
1224 2339 1287 2396 quse
1300 2323 1394 2406 Domi·

813 2415 881 2456 num
895 2400 1009 2457 lucrant
1027 2403 1143 2466 secute,
1171 2410 1235 2454 cum
1252 2401 1394 2454 oromati-

812 2471 865 2528 bus
889 2472 925 2528 ad
946 2475 1162 2528 monumentum
1189 2471 1345 2549 venerunt,
1367 2469 1395 2526 et

812 2541 838 2600 ei
856 2559 941 2616 quem
957 2545 1098 2600 viventem
1120 2540 1288 2608 dilexerant,
1308 2545 1395 2596 etiem

813 2621 925 2673 mortuo
934 2614 1029 2672 studia
1042 2611 1227 2671 humanitatis
1237 2611 1397 2682 obsequun-

812 2691 869 2744 tur.
883 2689 917 2744 ut
931 2703 983 2744 uos
998 2702 1067 2757 ergo
1083 2687 1112 2740 in
1127 2700 1192 2740 eum
1205 2683 1252 2756 qui
1266 2687 1309 2738 est
1320 2697 1396 2740 mor·

812 2763 878 2814 tuus
897 2760 1055 2824 credentes,
1072 2755 1193 2814 siodore
1205 2754 1343 2810 virtutum
1354 2770 1397 2810 rc·

812 2829 888 2896 lecti,
904 2845 967 2886 rum
988 2825 1155 2898 operatione
1171 2829 1311 2882 bonorum
1327 2841 1395 2896 ope-

810 2917 874 2958 rum
890 2901 1042 2958 DomInum
1055 2897 1222 2969 querimus,
1238 2895 1274 2954 ed
1293 2912 1395 2954 monu-

812 2978 940 3030 mentum
956 2972 1083 3054 prolecto
1099 2969 1177 3026 illius
1192 2984 1256 3026 curn
1279 2983 1393 3026 erome-

809 3043 884 3101 tibus
904 3059 1034 3102 venimus
1050 3061 1057 3099 s
1073 3063 1087 3094 n
1104 3041 1166 3098 baec
1180 3042 1339 3110 menceus.
1358 3070 1392 3080 -

809 3115 935 3188 Mystice,
967 3118 1185 3172 monumentum
1217 3116 1259 3170 est
1283 3112 1392 3184 Corpus

808 3186 999 3256 Dominicum,
1013 3187 1049 3244 ad
1059 3185 1136 3257 quod
1153 3185 1291 3266 accedere
1305 3197 1390 3240 nemo

808 3261 903 3326 debet,
917 3257 970 3316 nisi
984 3273 1040 3316 una
1050 3256 1172 3326 sabbati,
1182 3255 1212 3312 id
1228 3261 1309 3312 estm
1321 3269 1390 3326 pace

808 3337 836 3388 ct
855 3331 949 3402 quiete
966 3333 1112 3402 pectoris;
1140 3333 1169 3384 et
1190 3326 1273 3384 valde
1294 3341 1389 3410 meuc,

807 3401 900 3460 idest
922 3417 987 3460 cum
1008 3401 1130 3470 fervore,
1151 3415 1235 3456 mene
1255 3413 1331 3456 euim
1351 3413 1389 3479 si-

808 3475 927 3546 gnificat
950 3475 1091 3532 servorem
1106 3469 1268 3554 querendi,
1289 3468 1334 3526 vel
1349 3468 1390 3526 di-

808 3547 914 3616 luculo,
933 3545 963 3604 id
982 3550 1034 3614 est,
1053 3559 1179 3602 excussis
1198 3547 1332 3622 vitrorum
1347 3545 1392 3596 le·

809 3619 916 3688 nebris,
942 3633 992 3688 per
1008 3616 1231 3676 dilucescentem
1248 3621 1372 3686 gratiam
1382 3629 1392 3684 3

808 3697 837 3747 et
850 3696 966 3762 portans
981 3693 1112 3746 oromate
1124 3684 1297 3760 operationis
1311 3691 1340 3742 et
1355 3683 1395 3740 la-

808 3778 862 3820 mae
874 3764 967 3820 bonae.
982 3760 1035 3829 Qui
1054 3759 1137 3816 aliter
1151 3757 1272 3830 accedit,
1291 3759 1393 3814 caveat

808 3836 911 3890 sibine
927 3831 1066 3906 judicium
1082 3831 1238 3888 manducet
1253 3834 1281 3886 et
1298 3828 1391 3886 bibat.

808 3905 887 3964 Unde
900 3905 994 3964 Beda:
1009 3926 1023 3958 c
1035 3903 1116 3972 Quod
1125 3908 1220 3960 autem
1236 3901 1319 3960 uelde
1334 3915 1393 3958 ma·

808 3993 845 4034 ue
859 3981 998 4036 venerunt
1014 3975 1150 4034 mutieres
1166 3975 1203 4034 ad
1219 3989 1389 4032 monumen·

808 4056 868 4106 tum
890 4072 896 4106 z
915 4050 995 4120 juxte
1014 4046 1165 4106 historiam
1179 4045 1311 4129 quidem,
1330 4059 1391 4124 ma·

808 4137 881 4192 gnus
895 4121 1041 4192 quaerendi
1057 4125 1085 4176 et
1104 4117 1270 4176 inveniendi
1290 4119 1392 4172 Donn-

808 4190 1112 4250 numlervorcsritutis
1121 4189 1283 4250 ostenditur
1295 4204 1302 4256 ;
1312 4189 1393 4257 juxta

808 4265 982 4324 intellectum
995 4279 1063 4322 vero
1076 4261 1235 4334 mysticum,
1245 4259 1330 4338 detur
1343 4272 1393 4312 no·

808 4336 851 4396 bis
868 4337 1037 4408 exemplum,
1057 4333 1218 4391 illuminate
1245 4330 1328 4397 lacre,
1345 4327 1393 4386 de-
