3124 5038
316 423 355 476 bit
384 418 589 474 lsotbslubs
619 416 734 470 boblbl
763 418 882 470 lossii
910 418 986 494 JESll
1014 417 1155 468 CHRISTI.
1308 416 1354 474 ‘215

122 531 214 600 laria,
237 545 303 614 quie
327 535 394 583 tune
417 525 552 584 solemnis
576 529 638 581 erat
661 537 713 595 pro

122 608 309 662 veneratione
327 596 511 656 ascensionis
531 596 604 652 sicut
620 595 714 668 prima

124 677 207 743 laria,
223 672 331 730 seilicet
353 671 417 728 dies
440 667 584 726 [lominica
599 683 651 740 pro
670 681 713 723 re·

125 747 253 804 verentia
268 741 503 800 Resurrectionis.
520 741 575 798 Sed
588 738 656 811 quia
670 753 715 794 sii·

126 823 319 894 pervenerunt
336 815 407 870 lesta
427 816 605 880 Sanctorum,
619 818 648 868 et
672 825 715 866 ee-

126 893 238 949 lebriire
259 893 301 944 tot
320 887 392 943 leste
411 891 474 942 erat
499 882 579 957 quasi
608 897 714 939 onero·

128 977 203 1031 sum,
223 961 287 1018 ideo
313 956 478 1015 solemnitas
502 957 609 1028 qnintae
636 952 714 1031 leriae

128 1041 173 1092 cst
190 1033 311 1100 sublata,
331 1035 360 1088 et
374 1027 518 1103 processio
537 1027 573 1085 ad
589 1024 716 1084 Domini-

128 1122 193 1167 eam
205 1103 356 1161 translata.

171 1183 200 1245 il
212 1178 369 1234 Vssrioisa
383 1174 500 1232 Canisro
513 1189 542 1228 iri
555 1185 643 1228 sonrs
656 1169 717 1226 Oai·

129 1269 192 1307 veri
207 1265 328 1306 artiori..
342 1277 374 1288 -
385 1247 425 1302 lla
440 1245 502 1302 loco
514 1248 610 1300 autem
622 1257 718 1298 ascen·

130 1321 219 1379 sionis
239 1319 307 1376 dicit
331 1319 470 1390 sulpitius
494 1315 649 1398 Episcopus
674 1314 719 1370 le

131 1391 362 1466 rosolpmitanus,
378 1388 453 1461 qnod
478 1403 542 1445 cuin
564 1385 604 1444 ibi
622 1391 719 1456 postea

131 1465 274 1523 aedilieata
293 1467 368 1520 esset
385 1459 514 1524 ecelesia,
531 1459 611 1516 locris
624 1457 672 1514 ille
690 1455 719 1512 in

132 1554 190 1610 quo
205 1541 344 1593 steterunt
362 1531 465 1591 Christi
480 1530 656 1588 ascendentis
672 1544 719 1584 ie·

131 1610 228 1682 stigia,
242 1621 396 1678 numquam
416 1602 505 1675 potuit
528 1603 616 1659 sterni
643 1601 720 1671 pavi-

137 1689 234 1739 mento
267 1678 458 1752 postmodum,
475 1675 532 1732 imo
558 1672 722 1730 resiliebant

135 1769 280 1810 marmora
293 1751 320 1806 iii
336 1765 387 1806 ora
397 1745 607 1805 collocantium.
618 1741 722 1802 Calcati

138 1825 224 1882 etiam
247 1821 402 1880 aDoniino
429 1818 553 1894 pulveris
576 1818 630 1876 boe
655 1813 724 1872 dicit

138 1913 199 1954 esse
214 1895 426 1960 documentum,
445 1891 521 1976 qnod
536 1887 654 1962 vestigia
670 1887 723 1944 im·

35 1995 40 2002 ·
138 1983 236 2042 pressa
250 1970 405 2024 cernuntur
420 1963 537 2030 ibidem,
554 1971 582 2019 et
594 1960 723 2018 eamdem

139 2041 232 2098 adbuc
246 2037 369 2110 speciem
382 2037 460 2094 velut
478 2032 623 2106 impressis
638 2029 724 2088 iesti-

136 2115 191 2186 giis
208 2116 285 2168 terra
306 2107 438 2166 custodit.
460 2109 504 2177 Et,
521 2113 551 2163 ut
575 2104 614 2163 ait
639 2103 725 2169 Reda,

139 2201 204 2242 com
220 2189 298 2241 terra
314 2181 413 2238 eadem
433 2195 450 2236 a
466 2179 648 2237 credentibus
660 2193 727 2250 quo·

142 2255 212 2314 tidie
232 2254 391 2321 minuatur,
406 2255 503 2309 tamen
519 2251 619 2308 eadem
640 2249 726 2305 resti·

141 2327 188 2402 gia
206 2325 358 2400 pristinum
378 2329 483 2381 statum
504 2321 638 2380 continuo
658 2318 727 2377 reci·

141 2399 232 2474 piiint.
254 2399 311 2456 Nee
334 2412 476 2454 summum
497 2396 622 2452 eeclesiae
643 2408 727 2450 eacu-

139 2488 207 2528 men
223 2477 339 2543 propter
353 2467 495 2527 Dominici
511 2467 638 2540 corporis
649 2479 726 2521 mea-

139 2551 201 2600 tom
214 2543 325 2614 contegi
339 2543 434 2615 potnit
447 2540 497 2597 sed
513 2556 530 2596 a
546 2545 623 2595 terra
638 2543 728 2594 trans·

140 2615 196 2672 itus
217 2615 320 2672 Christi
343 2629 432 2686 usque
460 2611 496 2669 ad
519 2613 622 2668 coelum
639 2612 726 2682 patet.

138 2688 238 2744 Ailbuc
256 2691 299 2742 est
322 2683 361 2742 ibi
377 2685 507 2754 ecclesia,
522 2682 552 2739 in
577 2698 633 2754 quo
659 2680 729 2736 sole·

140 2760 211 2817 bant
226 2773 288 2815 esse
302 2755 376 2830 nigri
389 2753 519 2812 monachi
534 2770 597 2812 cum
608 2753 729 2819 abbate,

142 2839 170 2888 ει
186 2833 229 2886 εει
250 2827 290 2885 ibi
312 2835 418 2885 sanctes
445 2825 616 2900 AEgyptiacae
639 2823 731 2896 sepul-

140 2905 253 2970 chrum,
270 2905 298 2956 et
315 2901 394 2956 locus
409 2899 458 2957 ubi
473 2898 598 2970 Apostoli
619 2909 731 2968 compo-

143 2979 261 3034 suerunt
273 2971 443 3046 symbolum.

182 3051 213 3104 15
224 3047 355 3102 lsiomoii
371 3061 402 3100 er
416 3058 564 3099 onerionss
578 3055 732 3096 nisciroio-

145 3135 209 3177 noir.
232 3149 267 3158 -
281 3118 360 3174 Tunc
379 3113 588 3172 descenderunt
605 3109 732 3183 Apostoli

143 3205 208 3248 cnm
218 3191 306 3246 blatra
318 3186 478 3256 Domioi‚et
488 3185 551 3244 aliis
564 3181 733 3240 mulieribus

143 3279 177 3319 ac
203 3258 346 3332 discipulis
370 3259 398 3316 in
423 3257 602 3315 coenaculum
629 3255 733 3311 montis

145 3333 223 3404 Sion,
240 3339 268 3390 et
283 3331 322 3388 ibi
342 3331 528 3389 morabantur
542 3332 734 3400 exspectantes

146 3405 373 3480 promissionem,
386 3409 472 3476 prout
495 3401 652 3466 altomiiio
672 3402 734 3455 erat

143 3480 186 3535 eis
202 3475 382 3544 mandatum;
398 3472 439 3532 ibi
455 3481 499 3532 est
513 3473 591 3530 loeus
603 3469 653 3530 ubi
669 3471 732 3529 bea·

145 3557 191 3606 tos
215 3548 348 3606 Matthias
377 3545 452 3602 inter
478 3543 680 3602 ascensionem
706 3548 734 3599 et

145 3623 332 3678 Pentecosten
345 3618 398 3674 luit
411 3618 473 3674 loco
487 3615 568 3674 Judae
578 3617 605 3672 in
618 3619 733 3686 llposto·

145 3693 236 3752 latum
249 3692 365 3748 electus.
381 3691 415 3746 Et
429 3691 562 3745 biennes
577 3693 655 3744 mont
667 3703 734 3744 nno·

144 3767 257 3822 nimiter
277 3765 308 3820 i'n
332 3767 455 3820 oratione
477 3763 690 3833 perseuerantes,
707 3763 735 3815 et

145 3836 258 3894 assidue
277 3833 381 3891 debitis
401 3833 481 3890 boris
504 3833 566 3888 sine
590 3831 735 3888 intermis-

147 3907 227 3966 sione
250 3913 374 3974 orantes,
396 3909 424 3962 et
443 3921 493 3977 per
515 3905 676 3961 orationem
700 3902 736 3960 ad

148 3980 340 4052 receptionem
353 3975 474 4050 Spiritus
483 3977 579 4034 Sancti
588 3991 617 4031 se
630 3991 736 4046 praepa·

148 4057 243 4122 rantes
257 4048 394 4124 quotidie,
411 4057 442 4108 ιιι
457 4047 626 4120 promissum
645 4063 737 4104 mere·

147 4133 246 4181 rentur
265 4124 405 4192 accipere.
426 4121 460 4176 Ει
482 4118 612 4194 quamvis
631 4117 738 4175 dietum

146 4193 184 4252 sit
193 4195 269 4268 quod
279 4199 585 4264 erantperseierantes
597 4189 626 4247 in
638 4192 740 4248 oratio·

145 4283 181 4326 ne
196 4272 225 4324 et
237 4281 296 4324 non
308 4265 345 4323 sit
359 4262 667 4336 additum,inJ'ejnnio,
677 4261 738 4336 qui·

145 4338 213 4398 dam
227 4344 325 4396 ιειιιειι
338 4351 356 4394 a
368 4335 439 4393 sesto
455 4335 636 4393 decensionis
650 4351 739 4408 usque

150 4411 186 4468 ad
194 4411 381 4468 Pentecosten
390 4407 523 4481 jejunant
534 4407 740 4480 exemploApo·

768 527 918 610 stolorum.
933 541 1007 597 quos
1019 527 1153 600 inquiunt
1163 532 1306 603 jeJunasse
1321 533 1350 590 in

768 600 861 672 spatio
876 597 934 665 illo,
952 599 1019 668 qnia
1034 599 1138 658 dietum
1158 608 1202 658 est
1217 604 1246 660 in
1258 606 1350 661 Eran-

767 672 858 740 gebo:
873 672 988 728 Venient
1000 672 1060 728 dies
1069 689 1130 729 eum
1142 675 1252 732 oblutus
1264 678 1352 742 sumit

767 744 803 798 ob
821 744 880 798 illis
898 758 1023 815 monens.
1041 748 1068 800 et
1091 750 1156 802 tune
1170 747 1349 816 jejnnebunt.

768 815 893 896 Orabant
921 830 988 886 ergo
1017 820 1046 872 et
1070 816 1255 888 jejunabant3
1285 819 1353 892 quia

769 888 896 944 Christos
910 901 1032 954 sponsus
1044 889 1080 944 ab
1092 887 1132 944 eis
1142 890 1254 948 ablatos
1267 907 1354 950 carne

768 956 893 1040 recessit.
906 960 942 1015 st
956 964 1034 1015 ενιιιιι
1048 975 1163 1032 semper,
1176 961 1206 1018 id
1218 970 1262 1022 est
1274 979 1354 1020 com·

769 1035 894 1087 mnniter
919 1030 963 1087 iel
983 1030 1157 1106 frequenter,
1185 1036 1216 1091 ιιι
1244 1037 1353 1106 teinplo,

771 1101 847 1174 qood
866 1107 908 1158 est
937 1101 1015 1158 lociis
1043 1103 1189 1175 orationis,
1210 1108 1356 1164 tendentes

770 1175 861 1232 Deum
877 1173 911 1230 de
925 1173 1071 1232 beneficiis
1083 1175 1152 1242 suis,
1165 1183 1191 1234 et
1203 1179 1356 1236 benedicen-

771 1252 810 1328 tes
820 1244 950 1330 lieumdd
961 1251 1003 1329 est
1012 1247 1230 1322 magnificantes
1244 1253 1278 1310 de
1289 1267 1356 1324 pro·

773 1333 866 1402 missis
880 1317 995 1388 divinis,
1010 1325 1037 1374 et
1056 1328 1170 1379 orantes
1188 1323 1289 1380 devote
1306 1339 1356 1394 pro

774 1389 944 1458 recipiendis
955 1390 1077 1460 Spiritus
1089 1393 1184 1450 Sancti
1197 1393 1296 1463 donis;
1314 1394 1357 1450 iel

774 1461 920 1546 tondentes
934 1465 1030 1532 Deum,
1040 1463 1075 1520 de
1085 1467 1200 1534 propria
1213 1483 1265 1522 sua
1277 1467 1358 1524 boni·

774 1539 833 1617 tate
849 1549 877 1588 in
891 1549 931 1602 se,
947 1549 980 1589 ae
993 1549 1045 1606 pro
1066 1535 1180 1593 Domini
1192 1536 1237 1595 sni
1252 1536 1360 1606 glorifi-

775 1612 887 1662 catione
907 1613 935 1660 et
949 1605 1132 1678 Ascensione,
1150 1613 1177 1665 et
1198 1609 1360 1665 benedicen-

776 1676 862 1748 tes,id
872 1681 915 1732 est
925 1676 1031 1748 gratias
1042 1683 1159 1750 agentes
1171 1679 1206 1737 de
1218 1681 1361 1738 bonorum

776 1764 892 1836 snorum
908 1749 1175 1832 communicatione,
1186 1768 1220 1810 ac
1236 1768 1287 1825 pro
1300 1750 1362 1824 Spi-

776 1827 848 1878 ritus
876 1822 971 1877 Sancti
998 1822 1195 1895 promissione,
1212 1829 1240 1882 et
1264 1839 1364 1882 eorum

778 1909 829 1976 per
843 1893 969 1966 Angelos
988 1893 1062 1952 lacta
1081 1896 1282 1962 consolatione.
1301 1897 1363 1954 Non

778 1965 874 2046 aliquo
902 1965 1045 2023 mundano
1074 1967 1286 2030 distrahuntur:
1315 1967 1365 2024 scd

779 2036 1118 2120 omnibustcontemptis,
1135 2041 1244 2112 Jngilcr
1262 2037 1364 2097 divinis

779 2107 1365 2192 landibosinsistnnt,ntinlocoorationis,

780 2180 1365 2255 etinterlandumdeiotionespromissum

782 2251 875 2334 Sancti
891 2252 1176 2328 Spiritusadrentnm
1191 2257 1328 2384 Kromptis
1340 2257 1368 2312 et

780 2329 964 2408 parntis'per
989 2325 1085 2383 omnia
1112 2327 1189 2383 cordi
1214 2343 1244 2383 ns
1268 2343 1369 2398 exspe-

781 2395 1002 2452 ctent.Vicissim
1033 2398 1369 2457 uidcmhabitabantmo·

781 2469 818 2524 do
834 2466 982 2550 intemplo
997 2413 1033 2526 ai
1047 2473 1216 2542 orationem,
1227 2473 1310 2528 modo
1320 2487 1368 2529 au·

781 2546 840 2596 tem
860 2557 888 2595 m
912 2542 1058 2598 emnacolo
1076 2543 1113 2600 ad
1133 2545 1267 2616 quietem.
1289 2543 1369 2601 Unde

782 2613 836 2668 boe
850 2611 1028 2696 adverbium,
1044 2630 1159 2687 semper,
1173 2615 1242 2672 dicit
1256 2614 1295 2672 ibi
1310 2615 1367 2672 ire·

783 2686 1369 2756 quentiamctoppertonitatem,nonmore

784 2771 836 2838 suo
847 2754 1025 2812 durationem
1042 2760 1215 2816 continuam.
1230 2760 1306 2826 Quos
1318 2773 1371 2816 nos

784 2831 938 2896 imitantes,
953 2829 981 2883 in
995 2843 1076 2886 sacra
1091 2828 1148 2884 vita
1161 2845 1273 2902 semper
1288 2832 1371 2897 dega-

785 2913 846 2954 mus
860 2897 1009 2955 laudnntcs
1021 2900 1110 2956 Deum
1122 2907 1150 2954 et
1162 2903 1369 2958 benedicentes.

786 2967 921 3050 Sicuenim
937 2977 965 3026 et
979 2986 1032 3026 nos
1045 2971 1208 3042 quotidiana
1227 2972 1300 3029 illius
1314 2988 1371 3029 me·

786 3041 914 3122 rebiinur
939 3041 1138 3100 benedictione
1164 3042 1323 3108 sublimari,
1347 3041 1371 3100 si

787 3113 912 3194 quotidie
932 3113 1111 3196 triumphalis
1127 3115 1201 3172 illius
1220 3115 1250 3172 in
1270 3115 1371 3172 coelnm

787 3199 961 3266 ascensionis
990 3201 1140 3257 inaniores,
1168 3187 1318 3245 laudantes
1344 3191 1373 3244 et

787 3255 988 3314 benedicentes
1002 3259 1102 3327 Deum,
1115 3257 1145 3314 in
1159 3257 1329 3328 Jerusalem,
1344 3258 1372 3315 id

788 3332 831 3384 est
847 3343 976 3411 supernas
991 3329 1068 3404 pacis
1085 3337 1198 3403 sperata
1213 3347 1245 3388 ae
1260 3330 1372 3388 deside·

788 3407 850 3457 rata
863 3417 972 3483 risione
985 3401 1168 3475 quiescimus,
1177 3407 1206 3460 et
1219 3408 1333 3461 orantes
1344 3406 1374 3459 ιιι

788 3471 862 3529 dona
875 3471 962 3546 ipsius
972 3473 1099 3546 recipere
1108 3474 1261 3548 possimus,
1271 3476 1375 3532 similes

789 3546 1375 3620 bominibusrespectantibusuominumeu-

789 3632 846 3700 unt,
858 3619 970 3700 quando
980 3625 1158 3676 reverteture
1168 3623 1284 3694 nuptiis.
1297 3619 1375 3677 Unde

789 3704 829 3746 sie
840 3699 881 3746 ait
893 3691 968 3772 Beda
984 3708 990 3749 :
1010 3713 1025 3743 «
1045 3693 1078 3748 llt
1093 3707 1208 3762 semper
1221 3697 1249 3750 ct
1265 3693 1294 3748 iii
1314 3693 1376 3748 loco

789 3761 844 3842 hoc
859 3777 989 3830 maxime,
1005 3762 1107 3820 iratres
1121 3763 1270 3836 carissimi,
1280 3761 1376 3820 monii·

791 3847 865 3914 nisse
877 3849 929 3890 iios
947 3833 1028 3890 decet
1042 3837 1182 3892 sermonis
1196 3835 1309 3893 Domini
1323 3851 1378 3908 qno

792 3905 945 3977 discipulos
961 3905 1124 3978 glorificans
1140 3923 1147 3963 :
1164 3910 1255 3976 Beati,
1276 3905 1378 3976 innuit,

792 3978 875 4059 oculi,
888 3979 1042 4048 quivident
1055 3996 1114 4050 qua
1127 3996 1175 4036 oos
1187 3982 1298 4038 videtis.
1313 3978 1379 4048 Quis

793 4054 898 4130 etenim
920 4047 1025 4120 dicere,
1043 4050 1106 4123 quis
1122 4053 1207 4124 digne
1223 4051 1315 4109 valeat
1329 4066 1377 4108 co·

793 4123 1380 4250 pltare,quambeitacompunetioneocu-

805 4207 837 4248 os
866 4191 902 4250 ad
929 4199 1036 4253 terrain
1062 4194 1253 4262 defluxerunt,
1279 4192 1381 4266 quibus

795 4265 890 4392 ipsum
906 4281 991 4338 quein
1006 4265 1166 4350 adorabant
1184 4266 1249 4325 cosli
1264 4268 1381 4337 Regem,

817 4341 909 4396 evicta
927 4339 1112 4408 mortalitate,
1121 4354 1209 4422 poam
1229 4351 1387 4422 assumpse-

799 4413 854 4479 rat,
867 4411 903 4468 ad
918 4415 1045 4484 paternas
1059 4409 1197 4468 claritatis
1212 4409 1314 4466 solium
1326 4423 1387 4483 pain
