3036 5042
332 443 371 496 nr
397 442 499 496 rutro
525 417 764 508 courtntottm,
797 443 827 494 rr
856 445 1015 500 ttsstorn
1044 445 1172 498 nostru.
1341 457 1367 506 ts

141 564 208 608 ores
221 563 313 621 usque
326 549 382 608 bue
395 548 512 618 adduxi,
526 551 558 606 ut
572 547 729 606 collabore-

141 619 180 678 tis
195 636 306 678 mecum
319 619 350 678 in
369 619 473 692 vigiliis
491 624 520 678 al
533 618 726 696 orationibns3

142 691 195 750 scd
209 692 276 749 nolo
290 708 340 748 vos
357 690 490 764 progredi
509 691 639 756 ulterius,
656 707 727 748 non·

143 764 211 822 dum
226 763 305 822 enim
321 763 450 835 potestis.
471 764 654 836 Propterhoc
670 777 729 820 ma·

142 841 211 893 nete
226 834 274 892 bic
288 834 447 907 vigilantes,
460 835 533 892 sicul
550 843 608 892 ete
631 851 646 890 o
661 832 728 906 vigi·

144 905 185 976 lo,
209 912 239 990 el
262 907 470 989 uuusquisque,
495 905 525 964 in
541 851 642 988 'gradu
669 921 729 988 suae

144 983 306 1036 vocationis
318 983 455 1036 consistat
469 995 476 1046 ;
500 993 567 1051 quta
582 983 611 1034 el
635 992 728 1036 omnis

143 1049 250 1124 gratia,
267 1049 397 1122 quamvis
412 1065 516 1122 magna
530 1048 624 1112 tuerit,
644 1063 726 1121 supe·

144 1119 252 1180 riorem
266 1122 363 1180 habet.
376 1125 412 1179 Et
420 1137 582 1194 procreatas
593 1125 636 1177 est
645 1121 681 1177 ab
689 1119 729 1176 eis

166 1195 291 1263 ncillam,
302 1192 419 1263 scilicet,
437 1199 571 1264 quonlam
582 1191 676 1263 juctan
689 1196 731 1249 est

175 1265 254 1336 pidia
274 1266 554 1337 simultationibus
557 1303 623 1332 ......
637 1266 729 1334 proci-

146 1336 191 1392 dit
205 1339 236 1392 ia
252 1337 354 1404 tndem
366 1353 457 1406 mom,
470 1351 556 1408 snper
568 1339 685 1404 terram,
698 1339 730 1394 ut

145 1406 338 1466 humilitatem
360 1413 463 1466 mentis
488 1407 650 1465 ostenderet
678 1407 729 1464 ba-

146 1478 209 1536 bitu
226 1479 363 1552 corporis,
379 1485 408 1537 el
421 1479 519 1536 scobol
533 1479 730 1547 condedimus

146 1566 198 1608 ore
212 1567 219 1606 :
234 1552 415 1620 Abloi'oter,
425 1549 493 1624 quia
503 1551 658 1608 omninlidi
671 1566 732 1621 pos·

145 1623 370 1682 sibiliosum...
390 1625 417 1678 si
432 1623 564 1694 possibile
586 1627 635 1690 ast,
653 1621 732 1678 salva

149 1694 339 1765 congruentia
361 1693 565 1766 redemptionis
588 1694 730 1762 humanae,

148 1781 183 1822 ac
209 1765 233 1822 si
253 1765 375 1824 moritur
393 1781 481 1830 mors,
503 1772 549 1822 'tue
574 1765 731 1823 secundnm

148 1852 264 1894 carnem
278 1853 335 1896 non
348 1835 498 1905 moriente,
510 1839 632 1904 etsiots,
645 1841 734 1894 troas·

147 1911 193 1978 ser
211 1911 321 1964 calicem
339 1909 425 1978 bunc,
441 1908 470 1965 id
489 1913 533 1966 est
551 1908 733 1981 experimen-

149 1983 210 2038 tum
231 1979 384 2050 Passionis,
398 1997 416 2036 a
429 1995 481 2036 ma.
502 1979 586 2046 Quasi
602 1980 731 2038 diceret:

149 2050 179 2108 si
194 2052 328 2122 possibile
342 2057 385 2108 est
404 2051 466 2108 sine
481 2055 574 2108 morte
588 2066 651 2108 mea
665 2056 733 2108 lem-

147 2123 241 2251 porali
253 2122 356 2180 salvari
368 2123 633 2195 gennshnmanum,
643 2127 733 2180 trans·

160 2210 194 2252 er
212 2193 328 2252 calicem
344 2209 451 2254 amarae
480 2195 625 2251 Passionis
644 2209 731 2252 ame.

147 2267 205 2324 Per
214 2269 373 2324 orationem
382 2265 522 2324 ollerebat
532 2264 661 2338 spiritum
674 2267 732 2324 Deo

148 2337 239 2407 Patri,
259 2354 323 2410 quae
338 2338 452 2410 quidam
476 2339 578 2406 oratio,
594 2353 627 2394 cx
646 2337 733 2410 pluri·

148 2409 206 2476 bus
224 2409 383 2466 ostenditur
393 2409 538 2482 perlecta:
554 2409 734 2482 primo‚quia

148 2479 278 2538 solitaria
293 2487 365 2548 erat,
381 2489 425 2539 est
441 2481 516 2538 onim
530 2479 622 2538 oratio
638 2482 732 2540 cleva-

150 2552 191 2610 tio
207 2553 311 2610 meotis
328 2555 357 2610 in
371 2555 473 2624 Deum,
489 2553 565 2624 quod
584 2551 686 2610 molius
700 2553 734 2610 iit

148 2624 264 2697 quando
298 2625 383 2682 bomo
407 2633 450 2682 est
475 2629 668 2697 sequestratos
696 2625 732 2682 ab

785 549 857 608 steri.
869 611 872 616 ,
883 551 1010 609 ilabebat
1028 559 1122 610 antem
1133 553 1244 626 justitia
1262 559 1363 632 Patris,

785 626 814 678 ut
826 622 954 681 Christus
996 628 1133 694 aleretur,
1148 631 1209 684 eta
1227 631 1365 690 constitu·

784 693 861 751 tione
873 639 1034 753 mundissoc
1044 703 1149 754 nostra
1160 698 1258 756 salutis
1273 718 1367 761 sacru-

785 771 911 824 mentum
938 771 1001 824 erat
1026 768 1062 826 ab
1090 785 1125 826 co
1149 778 1363 843 praeostensum.

785 838 925 910 Angustia
938 855 1006 910 ergo
1032 841 1143 910 mortis,
1163 849 1190 899 et
1213 844 1367 906 tolerantia

785 909 925 982 passionis
945 927 1004 968 non
1024 913 1155 984 placebat
1178 914 1290 974 Christo
1314 934 1366 991 per·

785 997 826 1042 so.
842 986 871 1038 et
893 987 1038 1054 tamquam
1060 983 1126 1042 finis
1141 985 1189 1057 qui
1209 1003 1259 1056 per
1273 1005 1304 1048 se
1319 1006 1367 1064 ap-

785 1052 901 1125 petitur.
911 1056 974 1111 ideo
987 1053 1153 1127 simpliciter
1161 1057 1305 1130 loquendo
1321 1079 1367 1132 pa·

785 1123 807 1181 ti
820 1125 936 1208 nolebat
946 1143 954 1196 3
972 1125 1022 1182 sed
1045 1131 1162 1198 propter
1173 1129 1365 1192 obedientiam

788 1199 889 1278 Patris,
916 1201 945 1254 et
968 1197 1087 1255 salutern
1113 1200 1229 1257 bomani
1252 1206 1366 1273 generis

785 1283 945 1348 passtpnem
957 1273 985 1326 et
1000 1275 1121 1328 mortem
1133 1272 1292 1332 voluntarie
1305 1293 1366 1336 sos·

786 1338 905 1409 licebat,
922 1339 992 1398 sicul
1008 1341 1139 1400 infirmus
1153 1344 1311 1405 voluntarie
1325 1367 1367 1408 re·

787 1410 1370 1494 cipitpotiooemamarissimam‚oonpro·

786 1489 851 1556 pler
867 1486 1077 1556 potionem,sed
1088 1492 1204 1560 propter
1213 1489 1366 1552 sanitatem

788 1559 1027 1626 consequendam.
1056 1560 1122 1615 llaec
1152 1560 1285 1619 voluntas
1310 1581 1367 1624 non

788 1626 929 1684 moriendi
957 1628 1097 1702 gloriosos
1128 1633 1265 1704 Martyres
1290 1635 1367 1697 iacit.

789 1701 849 1756 Non
858 1700 999 1757 animrolt
1009 1717 1111 1759 sensus
1122 1705 1216 1760 carnis
1229 1706 1281 1761 nisi
1292 1712 1367 1782 quod

789 1770 932 1854 delectat)
947 1771 971 1828 si
984 1774 1299 1838 autemdelectareteos
1312 1798 1369 1840 mo-

789 1857 897 1924 ranno
911 1843 979 1900 inde
999 1845 1164 1904 uiderentur
1176 1849 1290 1908 mereri.
1315 1856 1370 1912 Sed

790 1929 858 1984 quta
872 1915 945 1970 banc
964 1918 1138 1997 yolnnlatem
1154 1935 1210 1978 non
1227 1923 1367 1986 moriendi

789 1987 848 2068 Deo
873 1985 1038 2059 suinctunt,
1054 1994 1082 2046 el
1096 1994 1172 2064 quod
1203 2000 1371 2059 naturaliter

789 2057 911 2128 lugiunt,
935 2065 1051 2132 proptor
1069 2064 1158 2122 Deum
1185 2069 1293 2141 volunt,
1306 2070 1370 2130 iileo

790 2137 948 2185 merentur.
965 2131 1045 2188 Unde
1066 2139 1094 2189 el
1117 2135 1247 2197 Christus
1262 2143 1368 2210 subdit,

790 2198 888 2257 dicens
906 2215 913 2256 :
934 2200 989 2256 Sed
1004 2219 1058 2258 non
1072 2208 1146 2276 quoti
1164 2223 1212 2277 epo
1230 2214 1291 2269 volo
1319 2215 1371 2272 hu·

791 2287 876 2354 mano
900 2273 1024 2343 nileclu;
1050 2278 1099 2358 sed
1126 2282 1199 2350 quod
1227 2289 1266 2340 tu.
1290 2253 1371 2354 bnod

790 2345 1372 2428 eormexhumanarnfirmitatetrepidan-

789 2423 834 2472 lar
854 2421 998 2488 renuerat,
1024 2425 1170 2479 revertens
1191 2428 1219 2482 in
1234 2428 1369 2502 seipsum,

790 2489 1369 2560 perobedientiametlortitndinemmen·

789 2559 826 2616 tis
847 2561 1008 2618 confirmat.
1025 2564 1097 2634 Non,
1115 2565 1217 2640 inquit,
1246 2573 1299 2629 boc
1320 2575 1370 2632 ilat

790 2631 865 2704 qood
876 2632 1002 2690 humano
1016 2635 1119 2694 all'eclu
1132 2638 1234 2712 loquor
1246 2660 1253 2714 ;
1268 2647 1317 2703 sod
1333 2647 1370 2704 ad

148 2695 235 2764 aliis3
251 2697 385 2762 secundo,
400 2695 468 2766 quia
486 2695 612 2764 humilis,
626 2711 690 2754 cum
702 2695 732 2752 in

148 2769 253 2826 taciem
279 2783 360 2825 suam
385 2766 526 2841 procidit;
550 2768 646 2838 lertio,
665 2767 732 2840 quia

148 2840 263 2908 devota,
275 2855 339 2896 com
354 2843 389 2896 ad
408 2841 496 2896 Deum
511 2840 624 2898 Patrem
640 2855 733 2897 recur-

147 2911 187 2968 rit
200 2927 207 2982 ;
225 2917 337 2983 quarto,
349 2909 414 2984 quia
429 2915 517 2980 recta,
529 2926 594 2968 cum
607 2911 733 2968 volunta-

148 2987 206 3040 tem
218 2998 300 3039 snam
310 2983 447 3040 volonum
458 2981 562 3040 divinae
575 2983 730 3052 submitlil;

148 3053 263 3184 aninlo,
279 3053 347 3126 qnia
360 3053 520 3122 caritativa,
540 3069 604 3110 cum
618 3054 732 3112 interim

170 3129 272 3182 olciler
286 3125 439 3196 discipulos
460 3123 592 3182 visitavit.
612 3127 646 3182 lit
667 3126 733 3198 qnia

788 2703 993 2833 {gestierrgtissnts
1009 2717 1131 2835 sum‚let
1153 2719 1270 2786 propter
1291 2719 1367 2802 quod

788 2791 1025 2934 inlaudati
1038 2785 1371 2919 ltiltlltdiiltllt

786 2923 818 2974 ut
835 2921 940 2987 (omnm
958 2923 1125 2981 uoluntatem
1144 2943 1241 2994 meam,
1267 2931 1373 2992 scilicet

788 3005 874 3062 quam
890 2994 1087 3065 temporaliter
1099 2999 1207 3074 sumpsi
1231 3017 1264 3059 ex
1278 3004 1326 3061 llir
1346 3005 1368 3062 i·

788 3077 824 3118 ne
838 3079 845 3118 :
861 3064 910 3119 sed
924 3066 1091 3124 voluntatem
1104 3069 1163 3140 ejus
1178 3075 1228 3144 qui
1241 3091 1283 3130 me
1296 3080 1372 3133 misit

170 3197 204 3209 ..
517 3195 523 3208 ,
724 3197 730 3209 ,
788 3136 978 3208 Patris,quam
989 3137 1122 3197 videlicet
1133 3158 1309 3204 communem
1325 3149 1373 3206 bn·
1431 3169 1433 3174 ·

148 3197 241 3256 dreit:
264 3197 345 3254 nota
356 3199 450 3266 Pater,
469 3205 618 3269 utriusque
634 3201 732 3280 populi
788 3204 836 3261 bui
862 3213 986 3264 aeternus
1016 3227 1081 3267 cum
1110 3213 1205 3286 Patro,
1233 3222 1260 3274 et
1287 3235 1372 3292 quam

148 3271 264 3351 Patrem
278 3273 308 3326 el
319 3269 496 3326 salvatorem
510 3271 599 3351 licum
617 3285 677 3326 esso
692 3286 732 3326 tn·
789 3291 902 3350 semper
917 3281 1044 3351 approbo
1057 3282 1160 3342 aoimae
1175 3286 1296 3346 ratione.
1310 3293 1371 3350 Non

147 3347 213 3398 nott
228 3345 255 3396 et
269 3340 405 3398 ostendit.
421 3341 500 3398 idem
525 3356 601 3398 enim
624 3339 731 3414 signill-
790 3363 894 3418 meam,
915 3365 973 3406 noo
994 3353 1155 3436 propriam;
1184 3373 1241 3416 noo
1268 3377 1359 3422 meam

147 3419 197 3470 cat
214 3412 306 3482 Abba,
325 3413 402 3486 quod
420 3419 517 3485 pater:
534 3413 584 3469 sed
598 3412 678 3470 Abba
689 3419 734 3470 est
789 3436 848 3476 non
864 3419 925 3478 Filii
946 3421 1080 3496 bominis,
1111 3443 1169 3484 non
1191 3445 1296 3504 meam,
1312 3407 1375 3508 quta'e

147 3485 311 3567 liebraeum
327 3489 409 3557 paler
422 3499 488 3541 vero
502 3485 630 3566 Graccum
642 3489 669 3540 el
685 3487 734 3568 la·
789 3491 903 3551 resistat
920 3495 1028 3553 Deolit
1043 3499 1139 3572 utique
1152 3501 1282 3562 voluntas
1293 3507 1374 3564 Chri-

146 3561 249 3614 ttnum.
267 3557 340 3628 Ergo
356 3561 476 3628 utroque
490 3571 669 3638 primnstpse
683 3573 733 3614 m-
789 3565 826 3621 sti
841 3579 898 3621 non
924 3572 986 3624 crat
1004 3571 1147 3629 contraria
1169 3575 1306 3634 voluntati
1325 3582 1374 3636 Pa·

145 3632 241 3710 vocal,
257 3632 288 3684 ut
302 3633 457 3700 utrumque
473 3627 608 3698 populum
621 3645 650 3684 tn
667 3645 733 3712 eum
790 3637 842 3692 tris
855 3637 919 3705 ;sed
931 3638 979 3710 qui
993 3647 1109 3698 venerat
1120 3645 1313 3707 obedientiam
1324 3651 1373 3708 do-

147 3703 340 3770 emoniorum,
365 3705 394 3756 et
413 3700 449 3756 ab
471 3703 592 3771 utroque
608 3715 673 3757 eum
689 3717 734 3758 rn-
790 3723 866 3776 cere,
891 3725 949 3766 non
976 3711 1152 3772 inveniretur
1181 3719 1327 3784 obediens.
1349 3721 1371 3780 si

147 3769 311 3858 vocandum
327 3787 392 3858 csse
410 3769 604 3856 doceatpquia
621 3787 676 3828 uon
696 3777 735 3830 ecl
791 3781 934 3850 propriam
951 3782 1056 3841 laceret
1070 3785 1374 3862 volunlatem.Quanlo

147 3843 291 3900 duttnclto
302 3843 391 3900 iudea
404 3849 430 3898 at
443 3843 538 3900 oram.
549 3841 629 3909 Quod
640 3849 734 3902 autem
791 3866 859 3919 ergo
871 3852 961 3925 magis
972 3870 1022 3911 nos
1040 3873 1097 3914 noo
1111 3859 1304 3931 judicabimur
1318 3867 1375 3923 ob-

147 3913 243 3998 dicjl:
263 3916 296 3996 Si
309 3915 443 3997 possibile
459 3919 512 3996 ast,
530 3912 736 3998 adpotenliam
791 3921 931 3994 odientes,
951 3924 974 3981 si
990 3929 1108 3986 tacimus
1123 3936 1252 4006 proprias
1278 3937 1375 3994 uolon-

148 3986 319 4058 Derpartler
333 3983 736 4070 elJustrtramreierl,quonr·
791 3995 884 4052 talesl
909 3997 988 4054 Unde
1016 4001 1192 4071 Aapusttnns
1217 4022 1224 4062 :
1247 3999 1267 4059 ἐ
1287 4007 1375 4066 Filios

148 4071 197 4116 am
212 4063 350 4129 qnantum
359 4058 540 4129 adjustitiam
551 4072 612 4138 ejus
620 4074 668 4141 qur
679 4075 736 4118 non
791 4065 891 4124 unicus
912 4067 979 4126 dicit
997 4087 1004 4126 t
1023 4075 1085 4131 Non
1100 4091 1191 4146 quarn
1207 4079 1375 4136 uoluntatem

146 4130 425 4202 solumpolensesl,
442 4127 493 4186 sed
520 4133 606 4185 ettam
630 4137 734 4203 postus,
791 4153 900 4208 nicoma
927 4145 956 4196 et
984 4141 1115 4202 homines
1154 4148 1252 4206 volunt
1282 4151 1375 4210 lacero

144 4217 204 4260 non
219 4207 287 4258 snnt
300 4199 448 4274 possibilia
459 4197 514 4256 nisi
530 4215 564 4258 ea
579 4216 645 4272 quae
655 4205 736 4276 justa
791 4210 966 4269 voluntatem
979 4229 1059 4272 suam
1072 4215 1078 4272 l
1091 4217 1140 4274 llla
1157 4223 1266 4278 tantum
1281 4238 1312 4279 se
1326 4224 1376 4280 bu-

73 4333 77 4339 ,
146 4277 222 4332 sunl.
240 4273 320 4331 Unde
341 4278 370 4330 ct
391 4287 475 4330 verus
491 4271 576 4328 bomo
598 4273 734 4358 horrebat
792 4281 893 4354 miliat,
906 4283 956 4356 qui
968 4289 1011 4342 est
1025 4287 1144 4362 aeqoalis
1161 4291 1238 4348 Patri
1251 4310 1258 4362 ;
1269 4297 1297 4348 et
1310 4297 1374 4350 tan·

145 4349 280 4416 morlain,
311 4349 341 4404 et
369 4344 516 4402 voluntale
543 4345 735 4406 sensualitatis
791 4357 851 4410 lum
869 4369 900 4413 se
925 4357 1044 4430 extollit,
1068 4361 1116 4444 qui
1132 4360 1162 4419 in
1176 4361 1333 4436 inmiscet,
1348 4371 1377 4423 et

146 4417 235 4476 vodel
246 4433 304 4476 non
319 4415 406 4487 mori,
421 4415 445 4473 si
462 4415 498 4472 de
514 4415 627 4486 iustitia
641 4424 736 4491 poseat
791 4423 847 4482 nisi
857 4427 990 4486 manusei
1003 4439 1230 4503 porrigatnrnon
1240 4433 1348 4506 surgill
1360 4457 1374 4492 o
