2974 5040
369 475 409 532 bt
437 475 573 541 sentit,
603 476 636 532 ill
663 474 830 532 llsslolu
860 473 991 530 bouill.
1265 465 1296 519 89

64 597 119 638 nain
134 585 258 666 curant3
277 589 376 642 contra
395 585 470 657 quod
496 583 601 642 dicitur
623 583 654 641 in

64 653 266 713 Ecclesiastico
290 673 297 713 :
324 659 457 713 Miserere
477 661 577 713 aniene
601 661 654 714 tua

59 727 176 796 placens
188 730 245 783 Deo
266 731 327 784 llon
339 745 407 799 ergo
420 728 551 800 probibet
562 729 655 785 Domi·

62 799 653 872 nuscompassionem‚scdpraedicrtaliam

60 867 151 924 luctus
161 885 293 931 causam.
302 871 584 944 uudesubjnngitur:
598 873 654 929 Sed

61 955 144 1010 super
157 958 207 996 cos
221 945 300 1014 ipsus
311 947 381 1012 plote,
393 951 418 999 et
432 960 514 1014 super
526 946 599 1014 filios
611 960 654 999 oe-

61 1019 143 1092 strus.
160 1019 188 1068 el
204 1029 293 1082 super
306 1013 464 1071 imminenti
481 1014 589 1071 excidio
604 1031 650 1071 ur·

61 1081 104 1137 bis
122 1090 150 1139 et
166 1083 266 1154 gentis
279 1092 380 1142 vestrae
393 1103 401 1156 ;
418 1103 525 1158 vosque
536 1085 612 1159 ipsas
625 1093 653 1142 el

60 1160 183 1210 rostram
202 1156 370 1238 progeniem
390 1158 485 1228 dignis
511 1158 650 1230 lacryma-

61 1240 120 1280 nuu
146 1227 268 1284 llctibus
286 1229 405 1298 abluite,
422 1246 456 1286 ue
471 1229 500 1286 in
515 1229 652 1286 ultionem

62 1309 130 1353 utcae
153 1303 258 1354 mortis
281 1301 457 1358 damnemini
482 1301 567 1358 etiam
588 1317 652 1357 cum

61 1368 187 1438 pertidus.
217 1371 381 1429 Secundum
399 1389 514 1430 sensum
541 1372 651 1429 littera·

63 1443 126 1506 lem,
144 1443 232 1498 lictus
249 1443 287 1499 ad
302 1460 386 1516 quem
401 1444 510 1500 induxit
523 1445 652 1502 Christus

62 1514 204 1577 mulieres,
224 1514 280 1570 luit
301 1521 417 1588 propter
435 1515 578 1573 miseriam
602 1533 652 1586 por

62 1581 308 1668 itomarros'supcr
321 1587 436 1644 Jndaeos
448 1594 594 1644 rennuunt
607 1595 653 1656 3ct

61 1653 107 1734 illa
121 1671 238 1714 miserta
256 1661 349 1730 ligura
364 1659 415 1716 luit
427 1659 550 1716 miseriae
566 1675 653 1731 super

63 1727 219 1784 incredulos
234 1744 289 1801 pcr
304 1731 420 1802 spiritus
436 1731 576 1804 malignos
588 1747 652 1787 sen·

63 1801 139 1862 turae,
155 1801 241 1870 cuius
259 1803 392 1858 evasione
411 1803 537 1858 {lendum
554 1808 607 1862 cst.
624 1808 651 1857 el

63 1871 198 1926 orandum
214 1877 287 1928 ante
303 1873 458 1929 terminum
473 1876 557 1936 buius
572 1872 646 1929 vitae.

63 1938 192 2004 Quoniam
200 1959 265 2000 ecce
273 1946 457 2012 crenlenldien
469 1943 575 2001 scilicet
584 1961 651 2016 qua·

62 2013 385 2097 dragesimoannupost
394 2017 558 2073 Passionem
569 2018 650 2074 Cbri-

63 2087 107 2149 sti,
125 2101 154 2138 ιιι
170 2088 277 2156 quibus
293 2087 384 2144 dicent
399 2105 408 2142 ι
426 2091 515 2145 beatae
532 2091 649 2156 steriles,

63 2159 86 2206 et
99 2163 203 2212 centres
217 2161 272 2228 qui
285 2175 339 2214 non
354 2165 515 2231 penuemnt,
529 2165 555 2216 et
565 2161 651 2215 ubera

66 2241 120 2293 nna
132 2243 185 2284 non
200 2228 382 2286 lactaverunt
399 2251 406 2300 ς
425 2229 492 2302 quia
517 2230 650 2304 agiliores

67 2309 143 2353 eruut
157 2303 191 2355 ad
210 2303 391 2372 fugiendum,
412 2318 495 2374 uliam
514 2301 649 2374 gravidae,

67 2371 92 2446 et
105 2381 197 2452 prose
207 2373 304 2428 solum
314 2373 415 2430 aumae.
427 2376 459 2430 ln
473 2373 519 2430 die
537 2389 649 2446 quoqne

66 2439 157 2506 Judrcn
174 2453 313 2514 parentes
337 2445 433 2502 dicent
458 2445 523 2502 tiliis
542 2461 650 2502 ecesse

67 2507 219 2588 damnatos,
227 2520 481 2587 propteramorem
493 2516 609 2573 nimium
619 2517 650 2572 ll·

68 2577 177 2652 liorum3
190 2593 229 2654 et,
252 2603 428 2657 econverso,
443 2587 493 2644 inii
510 2587 606 2644 dicent
619 2604 649 2645 se

69 2665 125 2708 esse
138 2655 290 2714 decimatos
301 2665 416 2730 propter
428 2675 555 2716 amorem
564 2665 592 2715 et
602 2675 648 2716 se·

68 2724 170 2791 quelam
180 2734 344 2799 parentum.
355 2733 428 2786 Tune
436 2734 569 2802 incipient
576 2731 645 2786 dice·

69 2807 95 2846 rc
103 2801 236 2855 montibus
249 2819 258 2855 ι
271 2801 455 2873 Gudiiesuper
463 2818 527 2868 nos;
538 2808 564 2857 el
573 2805 648 2858 eolli-

71 2861 125 2934 bns,
138 2875 243 2952 operite
260 2888 321 2941 nos,
332 2873 399 2944 quia
413 2871 501 2942 aliqui
513 2889 571 2945 prae
583 2875 648 2930 bor·

72 2949 132 2994 core
146 2943 271 2999 miseriae
290 2951 356 3000 tuuc
371 2944 520 3001 dicebant:
536 2944 648 3001 Utinam

71 3015 175 3090 montes
184 3016 325 3071 caderent
344 3031 429 3072 snuec
441 3031 502 3077 nos.
523 3016 650 3072 etcolles

71 3090 205 3158 operirent
222 3086 293 3142 nosl
311 3085 448 3142 Similiter
467 3085 496 3143 in
511 3087 556 3143 die
572 3087 649 3160 judi·

71 3163 103 3203 ιιι
120 3153 170 3234 lmc
187 3157 284 3214 dicent
302 3156 417 3229 reprobi
436 3163 567 3230 optantes
584 3161 649 3215 ebs·

73 3223 182 3310 condia
200 3227 274 3285 tacie
293 3227 417 3286 Domini.
432 3231 503 3297 Quin
517 3233 543 3286 si
559 3232 589 3285 in
607 3233 649 3285 oi·

73 3291 123 3346 ndi
137 3297 212 3382 leone
232 3301 288 3356 luce
302 3303 423 3368 saciant,
443 3304 472 3356 iu
487 3302 568 3357 arido
581 3302 651 3372 qnid

75 3363 136 3440 det?
150 3369 278 3450 Christus
292 3371 338 3428 bic
357 3371 462 3428 dicitur
478 3373 587 3444 lignum
606 3375 647 3428 ri-

74 3433 128 3490 ude
143 3439 248 3520 lactens
273 3443 405 3503 fructum.
421 3449 449 3500 et
474 3459 526 3516 per
544 3460 650 3501 conse-

75 3517 156 3572 quens
166 3512 312 3592 malignum
325 3514 498 3572 abscissione
511 3531 562 3586 per
573 3532 649 3572 mor·

75 3577 141 3649 lem;
153 3583 242 3640 viride
258 3583 344 3642 ctiam
356 3585 464 3658 lignum
478 3597 506 3642 cl
519 3587 648 3644 sructile-

75 3659 130 3723 pum
144 3655 289 3733 suntjusti
302 3663 330 3713 el
344 3657 425 3713 electi
436 3678 444 3723 3
457 3657 507 3713 sed
524 3657 650 3720 aridum.

76 3717 280 3803 uilmctil‘eruni.
296 3739 460 3799 peccatores
473 3735 502 3785 et
515 3728 553 3785 ini
575 3729 605 3786 ii.
621 3728 650 3786 Si

77 3801 178 3872 ergonin
194 3797 275 3880 vipidi
293 3799 381 3868 ligno,
392 3799 420 3856 id
438 3805 482 3856 est
496 3799 526 3856 iu
539 3746 650 3857 Cirristo

76 3871 341 3950 omnium'virlulum
354 3870 447 3928 virore
462 3871 576 3941 virenti,
590 3873 652 3928 baee

78 3927 183 4014 iaciunt,
199 3941 226 4022 id
241 3947 283 3998 esl
296 3947 337 3998 tol
352 3947 494 3999 tormenta
507 3941 650 4010 inierunt;

79 4012 104 4053 ιιι
117 4008 202 4078 arido,
218 4012 248 4069 ιιι
271 4018 312 4069 est
328 4015 356 4070 in
373 4016 478 4086 populo
492 4013 610 4070 iudaice
624 4019 653 4071 et

80 4083 216 4150 peccatore
231 4085 266 4140 ab
279 4085 356 4140 omni
369 4087 478 4142 honore
493 4084 593 4156 gralia
606 4087 653 4141 de-

81 4147 167 4228 soluto
182 4157 209 4206 el
231 4156 367 4226 areticio,
385 4155 452 4227 quid
478 4156 551 4212 tivt‘l
570 4157 652 4213 Certe

81 4224 184 4277 tenvius
196 4223 357 4304 punientur.
371 4227 458 4294 Quasi
471 4226 652 4284 omuibusdi·

83 4295 151 4343 cerel
161 4307 168 4344 :
180 4294 207 4350 St
221 4313 284 4368 ego,
297 4301 345 4370 qni
357 4304 503 4369 peccalum
517 4314 575 4355 non
586 4299 652 4367 leci,

83 4360 108 4433 ιι
119 4357 269 4425 ιιιιιῑιιοιιιι
288 4384 361 4437 sum,
379 4369 440 4428 sine
459 4370 527 4442 igne
542 4369 652 4442 passio·

85 4435 123 4482 uie
139 4431 171 4492 de
196 4439 301 4500 mundo
319 4457 377 4498 uon
402 4457 482 4512 exeo,
503 4457 567 4514 quae
590 4447 652 4500 tor·

710 589 807 642 menta
818 587 933 640 manent
941 579 1137 654 peccatoribus
1146 583 1173 633 ut
1187 575 1292 649 impiis,

710 656 756 728 uiri
774 655 910 712 lrttctibus
924 658 988 710 sunt
1011 650 1108 707 racuil
1126 651 1218 716 Certe,
1236 651 1292 707 Do·

710 727 785 784 minc
799 730 876 794 lesu,
893 739 990 782 verum
1010 728 1063 790 est,
1079 722 1148 794 quia
1162 722 1184 778 si
1201 727 1229 778 tu
1245 737 1293 778 ar·

710 801 762 856 boc
776 807 883 860 sancta.
904 797 1010 868 lignum
1030 795 1094 850 rinc
1117 793 1292 850 fructuosum

708 879 737 928 et
752 870 942 936 benedictum,
959 873 1040 923 talita
1062 865 1178 938 pateris,
1200 871 1228 920 ct
1244 880 1290 921 ra·

708 943 763 1000 mis
777 949 833 1000 tuis
847 939 986 1014 spoliaris,
1005 939 1071 1009 quid
1084 936 1139 993 erit
1153 937 1188 993 de
1208 935 1292 992 nobis

708 1014 830 1079 miseris,
845 1015 892 1085 qiii
903 1027 1001 1070 sumus
1014 1009 1121 1082 liguum
1138 1009 1294 1064 inicus-tuo-

708 1093 814 1142 sumet
833 1085 949 1151 siccum,
968 1087 1066 1154 aptum
1092 1096 1144 1152 pro
1170 1079 1237 1151 igne
1264 1084 1291 1135 et

707 1159 845 1230 gehenuae
867 1154 1026 1213 incendiis?
1054 1151 1082 1209 Si
1100 1167 1167 1222 ergo
1193 1149 1290 1222 incipit

704 1229 842 1302 judicium
859 1227 895 1284 de
914 1227 998 1283 domo
1015 1223 1075 1290 Dei,
1094 1231 1120 1279 et
1133 1239 1225 1279 omnes
1241 1225 1291 1292 qui

707 1303 803 1357 colunt
816 1304 862 1372 pie
876 1301 967 1354 vivere
979 1301 1008 1351 in
1024 1297 1140 1358 cbristo,
1164 1311 1291 1366 persecu·

707 1373 972 1444 tionemputientnr‚
999 1367 1063 1438 quis
1094 1366 1161 1422 ssecis
1192 1381 1290 1422 eortina

707 1446 754 1516 qui
772 1461 828 1501 nun
843 1442 960 1499 credunt
972 1442 1020 1496 Dei
1033 1437 1184 1508 Evangelio
1199 1444 1227 1493 ct
1241 1437 1292 1492 im·

707 1516 753 1588 pie
765 1515 878 1572 vivunt?
891 1515 969 1570 Unde
979 1511 1018 1567 ait
1030 1513 1224 1578 Anpnstinns:
1239 1535 1252 1556 ι
1262 1507 1290 1566 si

707 1587 773 1654 binc
788 1587 850 1644 sinc
868 1584 980 1657 llagcllo
993 1599 1049 1638 non
1063 1581 1158 1648 exirit,
1176 1581 1224 1650 niti
1238 1583 1291 1637 buc
1341 1601 1345 1608 ·

707 1658 768 1716 sine
784 1665 897 1730 peccato
912 1653 999 1722 venit,
1013 1669 1099 1726 quom
1111 1653 1154 1708 ido
1171 1651 1291 1724 flagellis

707 1730 783 1802 (ligici
800 1746 858 1786 non
874 1733 949 1793 sunl,
963 1728 1010 1797 qui
1030 1727 1084 1781 buc
1098 1741 1161 1781 cum
1176 1731 1292 1796 peccato

706 1801 886 1859 veneruul‘l»
895 1801 971 1856 Unde
980 1807 1007 1852 ot
1017 1797 1180 1863 Greporius:
1193 1817 1206 1848 ιι
1219 1797 1292 1863 Quo-

706 1873 759 1930 ties
786 1881 905 1930 mortem
931 1869 1086 1927 Salvatoris
1110 1868 1237 1934 attendo,
1264 1873 1291 1922 et

707 1944 873 2014 patientiam
890 1944 945 2000 lob
969 1947 998 1997 et
1023 1948 1143 1996 mortem
1171 1940 1291 1996 ioannis

706 2019 840 2088 Baptistae
855 2013 1014 2079 cassidem,
1032 2010 1094 2066 dico
1109 2010 1171 2076 tibi,
1189 2027 1206 2066 o
1224 2025 1291 2081 pce-

705 2097 811 2144 ealor:
834 2089 899 2143 binc
919 2081 1078 2150 considera,
1094 2081 1160 2150 quid
1180 2081 1290 2153 passari

704 2165 770 2215 sunt
785 2158 824 2213 illi
839 2173 911 2229 quos
928 2155 1071 2227 reprobat,
1085 2151 1107 2208 si
1123 2161 1200 2208 tanta
1217 2152 1290 2223 passi

705 2235 771 2287 suut
785 2227 958 2300 quosamat‘l
968 2227 1051 2282 »baec
1065 2225 1222 2292 Greporius.
1239 2225 1291 2279 Bo·

706 2317 773 2358 num
790 2307 864 2357 esset
883 2301 918 2355 de
944 2297 988 2354 liis
1007 2295 1142 2367 cogitare,
1160 2299 1188 2348 ut
1212 2293 1289 2365 cogi·
1341 2323 1344 2330 ⁴

704 2372 775 2430 tatio
794 2379 879 2428 tacite
903 2369 1042 2441 augustiae
1059 2366 1141 2424 nobis
1158 2366 1290 2422 timorem

705 2445 842 2502 incuteret
856 2460 863 2512 ;
879 2449 907 2499 ct
922 2447 1009 2497 timor
1022 2439 1153 2496 incussus
1173 2455 1191 2494 a
1208 2437 1290 2494 nobis

704 2521 850 2589 peccatum
865 2517 1056 2588 perpetratum
1067 2511 1229 2580 expelleret,
1246 2509 1290 2565 rel

705 2606 722 2646 a
736 2587 924 2660 perpetrando
938 2589 1059 2646 arceret.
1080 2583 1207 2650 exemplo
1222 2583 1291 2638 ilie-

704 2662 813 2728 ronpmi
837 2657 976 2714 dicentis:
999 2674 1013 2708 ιι
1039 2653 1103 2711 Sive
1130 2653 1289 2722 comedam,

705 2731 764 2787 sive
786 2729 880 2788 bibam
895 2725 1066 2794 sivealiuuid
1082 2724 1158 2781 aliud
1175 2723 1289 2792 faciam,

705 2818 818 2868 semper
832 2801 944 2857 videtur
954 2797 1071 2855 auribus
1086 2799 1157 2853 meis
1174 2795 1290 2853 insone·

705 2891 736 2931 re
750 2873 798 2930 illa
812 2889 864 2928 vox
877 2870 1013 2927 terribilis
1025 2887 1032 2924 ι
1046 2867 1158 2938 Surgito
1172 2866 1288 2931 mortui,

705 2947 800 3001 venite
815 2943 850 3000 ad
863 2942 1010 3014 judicium.
1026 2960 1040 2994 n
1054 2969 1090 2982 -
1102 2943 1132 2995 ln
1145 2937 1290 3011 praedictis

706 3017 816 3074 duobus
830 3013 910 3082 locis,
925 3029 989 3084 quae
1005 3013 1089 3068 modo
1107 3017 1171 3068 sunl
1186 3010 1215 3066 iu
1228 3010 1290 3082 ipsa

706 3080 1290 3155 civitate‚sedextraeeclesiamscpulcbri,

706 3159 813 3215 scilicet
828 3174 835 3212 ι
852 3155 898 3212 uni
912 3154 1038 3213 Christus
1053 3152 1177 3210 obviavit
1196 3151 1288 3222 lintri,

706 3237 734 3287 et
757 3228 804 3286 ubi
830 3243 861 3284 se
877 3226 960 3282 vertit
974 3226 1008 3281 ad
1025 3223 1170 3290 mulieres,
1186 3224 1289 3292 adiano,

705 3309 736 3358 ut
751 3299 866 3367 dicitur,
889 3301 1029 3368 apparent
1053 3293 1174 3365 vestigia
1198 3293 1289 3351 eccle·

705 3373 895 3452 siarumpquae
910 3367 950 3425 ibi
960 3368 1041 3424 iaclae
1055 3365 1176 3424 erantin
1186 3365 1288 3421 tiorum

706 3457 883 3500 memoriam.

740 3521 773 3570 55
787 3515 844 3570 Cun
859 3515 944 3570 Sinon
955 3511 1104 3568 Cinnamus
1116 3523 1218 3564 ceuceu
1229 3525 1291 3565 ron·

705 3605 774 3643 nunu
788 3584 930 3642 coenrun‘i
940 3613 976 3625 —
988 3585 1057 3640 Ciam
1071 3596 1139 3649 ergo
1156 3580 1291 3636 Dominus

706 3659 826 3714 ulterius
842 3654 1038 3729 processisset,
1058 3659 1087 3709 el
1103 3651 1143 3708 itu
1158 3651 1292 3722 latipcrtus

705 3745 739 3785 ae
749 3730 866 3796 tractus,
878 3723 1109 3784 etcxaillictione
1120 3723 1293 3795 praecedenti

706 3799 873 3857 debilitatus
892 3803 984 3854 esset.
1005 3795 1081 3866 quod
1106 3795 1184 3851 leuto
1203 3797 1294 3868 gradu

707 3871 853 3928 incederet
869 3867 1033 3940 etamplius
1050 3881 1164 3922 crucem
1179 3873 1294 3938 portare

708 3959 765 3999 non
775 3946 883 4014 posset,
898 3938 1111 4012 deposuiteam‚
1123 3937 1292 4010 titaliuuan-

708 4015 799 4070 tulum
816 4019 952 4084 pausaret
968 4016 997 4067 et
1008 4009 1173 4079 respiraret.
1192 4011 1233 4068 llll
1246 4027 1294 4067 au·

709 4090 767 4142 lem
781 4081 894 4156 pessimi
904 4084 1033 4138 uolentes
1044 4082 1161 4138 dilierre
1173 4088 1294 4139 mortem

709 4157 780 4226 ejus,
800 4154 934 4212 timentes
949 4169 985 4210 ue
999 4153 1105 4209 Pilatus
1124 4153 1294 4210 seutentiam

708 4231 865 4288 revocaret.
882 4225 949 4298 quia
965 4223 1294 4282 voluntatemdimittcn·

709 4298 737 4355 di
756 4314 821 4354 eum
840 4297 1014 4366 ostenderat,
1039 4299 1202 4352 inuenerant
1221 4310 1294 4366 prae·

709 4376 858 4428 tereuntem
893 4371 1028 4425 bominem
1054 4369 1190 4424 Simonem
1215 4367 1296 4432 t'pre·

709 4458 809 4513 naeum,
828 4438 869 4498 sic
893 4439 1000 4498 dietum
1014 4453 1032 4495 a
1048 4439 1154 4510 Carene
1182 4435 1295 4492 civitate
