2974 5040
159 393 200 448 lle

516 385 673 442 stennon
700 379 817 439 Pffllb
846 383 947 436 CAPUT
975 383 1056 437 lttltl

156 493 288 565 fideliter,
304 509 390 567 quam
411 491 512 550 melius
526 490 615 549 novit.
632 490 678 549 Sic
692 505 735 546 er·
790 485 895 544 lincunt
906 491 1011 557 tenum,
1027 495 1196 547 reverenter
1219 493 1249 547 et
1268 489 1380 558 devote,

156 584 204 641 go,
225 571 321 640 aptato
346 563 456 636 reliquo
478 579 614 636 corpore,
641 561 735 634 respi-

792 559 871 616 llexis
881 562 1013 632 genibus,
1030 560 1143 631 magnis
1156 561 1344 632 singultibus,
1354 567 1382 618 et

157 642 234 696 ciunt
248 639 284 696 ad
296 637 496 700 Dominam,ut
509 634 735 706 ipsacompleat;
791 631 920 702 suspiriis
934 632 1053 701 validis;
1070 639 1100 690 et
1113 633 1154 689 sic
1167 633 1325 690 Dominum
1341 635 1383 690 vi-

158 715 186 769 et
199 727 300 768 omnes
317 709 460 781 planctum
473 706 653 779 reincipiunt.
670 706 737 762 Um·
791 707 827 759 ta
841 703 982 760 dederunt
996 707 1153 777 sepultura
1168 704 1285 761 mortis.
1299 707 1384 776 Sepe-

159 799 210 840 nes
227 797 304 839 enim
319 781 360 838 sic
376 777 555 852 amarissime
575 779 691 845 llebant,
708 779 738 833 ut
792 774 898 832 lierunt
914 793 980 833 eun
996 775 1024 832 in
1040 776 1102 832 loco
1119 776 1300 848 propinquo,
1318 776 1386 848 quia

160 851 738 982 lullllttht‘ll„ltlslttl
761 874 762 891 '

159 993 305 1064 stitutem;
320 999 350 1053 et
363 1010 448 1068 super
463 993 541 1050 illam
565 992 672 1050 dabant
689 1006 738 1073 po·
762 1029 763 1043 ,

161 1066 217 1124 tius
236 1067 392 1140 planctum,
408 1081 494 1138 quam
520 1080 606 1137 super
628 1069 739 1121 exstin-

159 1134 738 1264 ctumDominumsuum.ReinciJseetiam,
763 1178 764 1189 ,

161 1213 190 1268 et
209 1215 250 1278 tu,
269 1210 426 1282 planctum,
448 1209 472 1266 si
494 1209 566 1265 lorte
612 1221 741 1264 tmrseras
763 1217 765 1245 ¹

794 862 851 902 non
868 852 998 918 poterant
1015 847 1099 914 longe
1120 853 1249 920 portare,
1266 853 1388 920 propter

794 918 1004 976 solemnitatem
1030 919 1142 976 sabbati
1168 920 1388 976 imminentem.

795 989 1105 1060 Uudechrysostomus:
1118 1009 1132 1043 «
1147 991 1222 1058 Quia
1234 1007 1310 1048 vero
1326 993 1391 1047 bre·

795 1063 881 1119 vitate
893 1061 1032 1134 temporis
1043 1063 1233 1135 urgebantur,
1244 1061 1276 1119 el
1290 1079 1391 1136 respe-

795 1149 828 1190 ra
843 1131 1021 1201 imminebat,
1037 1135 1100 1190 ideo
1125 1139 1242 1206 ponunt
1267 1151 1340 1191 enm
1364 1133 1393 1192 in

795 1208 955 1278 proximum
971 1211 1197 1262 monumentum.
1219 1225 1234 1260 o
1255 1207 1347 1263 Unde
1367 1211 1394 1263 et

161 1297 237 1339 eum.
251 1283 328 1339 Tunc
342 1280 461 1338 Domina
476 1279 574 1338 videns
588 1278 665 1352 quod
679 1293 740 1335 am·
763 1304 766 1337 ι
796 1277 971 1343 Abeuntibus
987 1297 996 1332 .·
1016 1298 1031 1328 n
1046 1277 1243 1334 acceleratam
1272 1279 1340 1336 vult
1356 1281 1396 1334 in·

160 1352 235 1426 plius
250 1353 366 1410 differre
392 1369 449 1410 non
462 1354 567 1481 1possit,
584 1350 664 1433 [nouit
679 1351 739 1406 vul·
764 1374 766 1414 ς
1002 1421 1008 1432 ι

484 1424 535 1492 ιΙιι,
553 1428 581 1479 et
598 1439 632 1480 ex
656 1437 741 1478 rnun·
764 1432 767 1487 l
797 1425 856 1489 ιω
871 1419 985 1492 quando
997 1436 1057 1492 Jam
1074 1427 1191 1493 propter
1205 1423 1396 1480 Paraseeven

161 1430 223 1482 tum
239 1441 327 1496 super
341 1422 442 1482 taciem

796 1347 886 1420 telligi
901 1349 1089 1421 sepulturam,
1107 1365 1143 1406 ne
1154 1349 1396 1418 advesperasce-

160 1495 458 1570 dsntialacrymarum
469 1493 660 1565 multomagis
675 1491 767 1567 leviti
799 1491 892 1550 lacere
919 1491 1028 1564 aliquid
1052 1493 1111 1549 tale
1139 1509 1198 1549 non
1227 1493 1357 1551 licebat
1382 1514 1395 1546 ι

163 1567 275 1638 taciem,
288 1585 374 1642 quam
384 1568 551 1694 magdalena
564 1568 664 1639 pedcs;
679 1566 742 1622 abs·
765 1584 767 1610 ι
798 1566 885 1628 Tunc,
900 1563 985 1621 nteit
1002 1564 1078 1621 idem
1100 1565 1299 1634 Augustinus,
1318 1565 1396 1623 illius

162 1639 248 1721 tergit
266 1651 364 1697 autem
382 1651 411 1696 et
448 1638 597 1696 eosculans
614 1653 647 1694 os
666 1653 681 1692 e

161 1785 191 1839 et
211 1781 364 1852 diligenter
379 1786 469 1862 aptat,
484 1781 644 1850 iterumque
658 1779 742 1835 bene-

161 1850 230 1908 dicit
248 1867 322 1920 eum,
340 1857 368 1907 ct
383 1857 487 1934 signat.
507 1852 541 1907 Et
554 1856 623 1907 tunc
643 1865 743 1907 omnes

162 1922 326 1992 adorantes,
352 1924 432 1981 doxis
454 1923 584 1995 genibus,
599 1925 629 1980 et
656 1921 743 1995 pedes

161 1993 223 2068 ejus
239 1995 411 2068 osculantes,
427 1993 571 2069 accipiunt
585 2001 614 2052 et
626 1999 745 2068 portant

162 2082 229 2126 eum
241 2067 278 2126 sd
290 2066 609 2140 monumentum,qnod
621 2071 743 2124 amente

163 2137 300 2198 Calvariae
314 2141 400 2198 distat
410 2141 541 2214 passibus
554 2139 665 2212 quinqu
675 2137 746 2210 igin·

161 2215 214 2269 ta:
234 2211 356 2270 Domina
372 2213 489 2270 tenebat
504 2218 600 2285 caput,
618 2217 646 2269 et
661 2212 744 2294 bleg-

163 2283 267 2341 dalena
280 2284 385 2358 pudes3
406 2283 508 2356 reliqui
531 2300 598 2341 vero
618 2291 701 2340 erant
716 2298 746 2338 xn

168 2355 272 2412 medio.
286 2357 364 2412 Unde
377 2356 543 2412 Anselmus:
556 2377 571 2408 n
580 2357 705 2427 Sequere
717 2361 747 2410 et

168 2429 199 2483 tu
208 2424 445 2498 pretiosissimum
460 2425 522 2482 coeli
533 2431 673 2497 terraequc
688 2427 747 2482 the-

168 2511 302 2564 saurunu
315 2504 344 2551 et
359 2501 441 2567 porta
465 2498 507 2552 vel
522 2497 608 2568 pedes
622 2497 664 2553 vel
680 2511 747 2553 ma-

169 2582 233 2635 nus,
250 2565 421 2636 brachiaque
435 2572 581 2634 sustenta;
597 2573 682 2624 terre
697 2569 746 2625 dc·

167 2637 290 2696 fluentes
305 2635 464 2694 minutatim
475 2637 669 2706 pretiosissimi
681 2655 746 2695 san·

168 2705 260 2780 guinis
286 2712 380 2780 guttas
406 2706 545 2766 curiosius
571 2709 690 2782 collige;
719 2714 748 2767 et

169 2778 316 2908 pulverem
332 2779 434 2850 pedum
447 2780 508 2854 ejus
523 2781 610 2854 linge.
624 2803 638 2832 »
651 2813 686 2824 -
696 2784 748 2838 Uo·

181 2867 271 2934 orem,
286 2867 370 2925 quem
385 2853 472 2911 llaria
484 2852 514 2910 in
530 2852 669 2926 exsequiis
685 2853 747 2910 Filii

169 2939 213 2982 sur
228 2924 369 2994 toleravit,
384 2925 452 2983 olim
466 2925 553 2983 David
565 2925 594 2982 in
607 2925 748 2998 exsequiis

167 2996 263 3053 Abner
289 2997 493 3081 praefiguravit.
515 3000 611 3056 Abner
635 3015 652 3054 a
676 2999 747 3055 loab

167 3065 362 3150 fraudulenter
380 3070 543 3126 interiectus
568 3074 648 3139 erat;
668 3071 748 3142 cujus

167 3138 394 3198 interiectionem
417 3157 466 3199 rex
493 3141 591 3211 David,
612 3141 749 3199 feretrum

167 3226 298 3284 sequens,
314 3212 448 3273 deflebat.
466 3215 553 3271 David
576 3229 634 3272 non
656 3215 749 3271 solum

166 3281 228 3356 ipse
251 3300 337 3359 super
361 3283 508 3359 exsequias
529 3285 593 3359 ejus
607 3287 747 3358 plorabat,

167 3357 218 3412 sed
234 3360 320 3415 etiam
339 3357 411 3416 alios
435 3358 472 3414 ad
491 3357 663 3430 plorandum
682 3356 749 3414 inei·

168 3427 266 3497 tebat;
285 3428 325 3485 ita
343 3430 427 3486 beata
444 3430 531 3500 Virgo
549 3427 750 3496 carlassalis

165 3497 259 3554 devoti
272 3497 401 3568 discipuli
417 3501 565 3570 exsequias
580 3501 684 3556 Christi
701 3502 749 3557 de-

166 3568 344 3641 planxerunt,
355 3569 484 3638 etcorda
497 3586 548 3628 sua
562 3569 662 3628 intima
675 3587 750 3628 com·

165 3639 297 3712 passione
311 3638 466 3698 sciderunt.

201 3713 420 3771 ahlonuncururr
435 3731 467 3770 nr
481 3731 620 3779 nxsnonrn
631 3715 744 3774 Uouxru.

171 3809 200 3824 ·-
218 3785 283 3840 Erat
297 3793 389 3842 autem
403 3789 433 3842 in
451 3787 517 3852 loco,
537 3789 584 3843 ubi
598 3791 749 3858 crucifixus

165 3857 214 3919 est,
232 3855 336 3920 hortans,
353 3864 379 3914 et
393 3861 424 3914 in
439 3860 517 3916 horto
544 3867 748 3916 monumentum

163 3939 274 3986 novum.
290 3927 379 4000 ipsius
393 3931 509 4003 loseph.
525 3943 691 4004 sumptuose
710 3937 748 3989 l'a·

164 4001 255 4066 ctum;
269 4004 297 4054 et
310 3999 338 4055 in
359 4007 440 4072 petra
467 4001 600 4070 excisum,
616 4003 702 4060 idest
719 4006 747 4061 in

165 4069 349 4153 unulapide,
373 4073 531 4130 secundum
556 4075 746 4146 quantitatem

164 4141 287 4200 hominis
299 4149 484 4200 concavatum
499 4148 547 4214 μή
557 4163 611 4216 quo
625 4147 746 4204 nondum

163 4217 311 4288 quisquam
324 4219 433 4288 positus
452 4221 521 4272 eret.
539 4217 582 4273 lbi
601 4234 664 4286 erqo
679 4235 745 4289 pro-

158 4292 220 4356 pter
234 4291 401 4346 tarneeoen
412 4288 745 4360 sndaornm,qutajnotu

160 4365 220 4417 erut
229 4365 442 4426 movaumenlum,
455 4365 605 4434 posuerunt
619 4363 647 4417 et
661 4377 743 4433 sepe·

696 1653 726 1692 us
765 1644 767 1669 ¹

162 1725 193 1767 tn
209 1711 335 1784 quodam
361 1709 476 1767 sudario
495 1709 590 1781 ipsum
613 1653 741 1776 invoivit:
765 1737 768 1786 Ι

798 1635 945 1707 exsequias
963 1636 1138 1706 Angelorum
1154 1638 1247 1693 millia
1265 1636 1397 1694 millium

798 1708 998 1776 decantabant,
1010 1707 1058 1780 qui
1074 1723 1175 1764 omnes
1188 1715 1399 1766 convenerant

799 1779 835 1837 ad
851 1781 1032 1851 sepulchrum
1048 1777 1159 1836 Domini
1177 1779 1234 1836 sui.
1252 1779 1302 1836 llli
1329 1797 1398 1838 can-

799 1851 897 1908 tabant
920 1851 1029 1920 laudes,
1045 1851 1095 1908 sed
1115 1850 1204 1908 llaria
1226 1851 1325 1909 dabat
1350 1869 1397 1925 ge

800 1924 886 1980 mitus
903 1929 931 1980 et
952 1923 1076 1995 suspiria
1097 1923 1203 1980 cordis.
1232 1922 1399 1996 Dispensa-

800 1995 856 2052 tive
872 2001 968 2052 autem
991 1995 1021 2052 in
1047 2011 1120 2052 novo
1144 1994 1262 2068 ponitur
1287 2013 1399 2054 monn·

801 2072 907 2134 mento,
922 2067 970 2124 ubi
990 2067 1085 2124 nullus
1105 2071 1216 2140 positus
1243 2073 1314 2124 erat
1335 2075 1398 2138 tut,

801 2137 957 2196 secundum
978 2141 1153 2195 Ambrosium
1172 2145 1200 2195 et
1222 2140 1399 2209 chrysosto-

800 2228 886 2278 mum,
909 2227 967 2268 non
982 2211 1055 2268 alius
1069 2209 1117 2282 qui
1132 2227 1196 2267 cum
1215 2227 1251 2268 eo
1263 2211 1398 2282 Jaceret,

801 2281 958 2340 surrexisse
977 2299 995 2339 a
1014 2283 1130 2356 pertidia
1146 2282 1319 2352 diceretur-3
1338 2285 1398 2354 rel,

801 2355 955 2412 secundum
970 2356 1168 2424 Apenninum,
1185 2354 1258 2412 siout
1279 2356 1316 2412 in
1342 2359 1399 2414 lle·

802 2426 852 2484 riae
867 2425 986 2498 virginis
1002 2433 1083 2483 utero
1104 2442 1188 2484 nemo
1203 2431 1271 2484 ante
1298 2427 1399 2498 illum,

802 2514 886 2555 nemo
898 2503 959 2569 pust
973 2498 1053 2555 illum
1067 2504 1220 2569 conceptus
1233 2503 1288 2566 est,
1306 2501 1353 2557 ita
1371 2500 1400 2558 in

803 2573 856 2628 hoc
882 2577 1067 2627 monumento
1096 2575 1161 2627 ante
1190 2570 1271 2626 illum
1304 2587 1399 2630 nemo

802 2642 954 2716 postillam
967 2642 1153 2716 sepultusest.
1167 2645 1213 2710 nt,
1227 2645 1400 2702 secundum

803 2717 1007 2784 Hieronymum,
1022 2715 1128 2786 tosepn
1153 2715 1188 2772 ab
1210 2713 1400 2774 arimathaea

800 2788 969 2859 poeniteam
986 2789 1016 2841 in
1030 2792 1212 2854 monumento,
1229 2787 1311 2856 quod
1334 2793 1400 2846 erut

803 2861 924 2914 occisum
935 2859 969 2914 de
982 2863 1071 2930 petra,
1089 2875 1125 2915 ne
1141 2858 1164 2914 si
1179 2875 1212 2914 cx
1229 2857 1338 2915 multis
1354 2861 1397 2916 la-

804 2929 918 3002 pidibus
940 2927 1037 2986 luisset
1054 2929 1238 2997 aedificatum,
1255 2929 1320 2986 sull'
1331 2935 1399 2988 »seis

802 3001 903 3057 tumuli
929 3001 1140 3071 fundamentis,
1167 3003 1284 3058 ablatus
1313 3001 1399 3060 turta

803 3072 955 3130 diceretur.
975 3075 1055 3144 llam,
1072 3075 1227 3130 secundum
1254 3074 1400 3142 Aepusni·

803 3161 878 3212 num,
896 3146 918 3201 si
934 3143 1020 3201 etiam
1047 3145 1229 3218 sepulchrum
1243 3145 1352 3202 luisset
1366 3147 1397 3204 in

804 3221 891 3284 terra,
907 3215 1002 3274 dicere
1024 3221 1155 3289 poterant
1175 3233 1182 3273 :
1201 3215 1399 3275 Sulloderunt

804 3293 921 3356 terram,
933 3293 962 3345 et
976 3287 1060 3345 iurati
1075 3295 1141 3345 sunt
1156 3303 1231 3346 eum.
1246 3289 1333 3356 Quod
1346 3306 1399 3346 au·

804 3365 861 3415 tem
874 3359 903 3416 in
918 3359 1013 3416 alieno
1027 3360 1178 3433 sepulchro
1193 3359 1327 3417 Christus
1346 3377 1397 3432 pn·

805 3433 891 3499 nitur,
906 3437 1103 3503 paupertatem
1116 3433 1319 3504 ejustestatur.
1339 3433 1398 3489 Un-

806 3503 840 3560 de
866 3505 1032 3574 Theophilus
1048 3523 1056 3558 :
1073 3525 1088 3556 «
1102 3506 1224 3561 Atteuda
1238 3501 1329 3560 etlam
1345 3506 1400 3562 ab·

805 3574 973 3632 undantium
997 3591 1048 3647 pro
1063 3575 1145 3633 nobis
1159 3580 1299 3648 suscepte
1320 3591 1397 3647 pau-

807 3645 942 3716 pertatis3
958 3649 1207 3718 namquedomum
1221 3645 1317 3703 invita
1333 3663 1396 3703 non

805 3717 913 3788 habuit,
929 3723 1126 3790 postmortem
1148 3735 1260 3792 quoquc
1276 3717 1305 3774 in
1320 3717 1394 3774 alie-

804 3807 840 3846 no
864 3791 1013 3862 sepulchro
1039 3791 1212 3860 reconditur,
1237 3798 1265 3846 et
1293 3791 1395 3846 nudus

804 3861 927 3918 existens
942 3865 1068 3934 aloseph
1082 3862 1220 3934 operitur.
1238 3883 1248 3912 a
1266 3861 1351 3918 Unde
1364 3867 1394 3916 et

803 3934 970 3990 anselmus:
986 3935 1126 4004 «Pauper
1140 3935 1179 3990 ita
1195 3931 1395 3990 luithristus

804 4011 834 4061 ut
849 4022 905 4062 non
926 4005 954 4062 in
978 4021 1040 4075 sua,
1058 4008 1107 4061 sed
1134 4005 1163 4061 in
1184 4005 1280 4062 aliena
1300 4004 1393 4060 domo

802 4082 984 4145 nasceretur;
997 4084 1026 4132 et
1041 4077 1136 4133 vivens
1152 4077 1180 4133 in
1199 4079 1252 4133 boc
1267 4077 1391 4144 mundo,

801 4165 858 4205 uon
872 4150 992 4206 haberet
1007 4148 1055 4206 ubi
1070 4153 1154 4220 caput
1168 4165 1252 4206 suum
1267 4146 1393 4204 reclina·

803 4225 846 4278 ret
862 4238 869 4290 ;
887 4237 939 4279 nec
965 4219 1102 4290 nioriens,
1123 4223 1199 4278 unde
1225 4219 1390 4277 nuditatem

802 4308 882 4350 suam
911 4297 1039 4366 tegerel;
1066 4307 1120 4349 nec
1147 4297 1286 4360 mortuus,
1310 4289 1390 4348 unde

802 4363 1016 4432 involveretur,
1044 4379 1097 4420 nec
1125 4363 1308 4436 sepulchrum
1335 4367 1389 4417 aut
