2974 5040
378 409 417 472 itt:
446 409 582 485 tuttiii,
614 415 645 474 tu
672 413 837 476 11181011
866 418 996 476 bouill.
1264 419 1292 474 st

67 533 162 585 ueritus
174 533 217 583 est
230 525 310 582 dolus
325 528 355 582 in
368 541 414 582 ore
427 525 505 595 ajam
521 524 597 583 unde
608 525 671 583 be·'
709 530 779 596 tem,
794 539 870 584 nunc
889 526 980 600 magis
998 526 1080 585 timet
1096 528 1227 588 occidere
1243 529 1293 588 Dei

68 617 103 657 ne
128 599 209 668 dicit,
235 601 264 654 la
290 615 330 661 eo,
348 595 417 669 quia
446 613 531 654 causa
553 595 654 654 mortis
709 598 861 656 Virtutem.
880 600 915 656 Et
930 597 995 658 ideo
1010 599 1108 657 volens
1127 601 1163 658 de
1179 601 1233 660 boc
1246 617 1294 660 se·

67 670 246 729 christinon
266 668 319 727 iuit
333 668 363 726 iu
378 685 424 731 eo.
440 671 489 726 sed
509 667 538 725 in
559 667 652 726 nobis.
709 673 813 727 cretius
828 669 857 727 in
878 671 974 728 uirere
992 687 1050 728 nou
1067 673 1192 744 amplius
1206 674 1295 730 inter·

67 745 99 800 lit
117 742 183 800 ideo
203 740 274 799 dicit
289 741 448 823 benardus
464 759 472 795 ι
491 759 505 792 ιι
523 739 653 798 Piissime
709 741 821 815 rogavit
836 759 843 798 :
859 685 934 811 zaid
950 741 1064 800 iecisti?
1080 745 1135 802 Sed
1152 747 1295 814 inpressas

65 817 142 882 lesu,
157 812 229 888 quid
248 812 299 870 tibi
317 819 346 870 et
360 813 465 870 morti?
479 813 536 869 Nos
555 828 654 885 pecca·
708 821 749 870 est
777 817 877 871 iterem
897 817 1058 885 pratoia'um
1081 831 1145 872 oum
1169 818 1247 885 lesu,
1263 821 1295 874 ut

66 886 168 956 vimus,
184 891 215 943 et
239 891 269 941 tu
288 883 359 952 luis;
383 900 435 941 nos
450 882 611 952 debuimus,
626 889 654 942 et
676 926 678 961 ,
708 885 858 944 veritatem
880 885 970 958 magis
991 891 1092 958 posset
1109 902 1292 962 cognoscere,

66 958 232 1015 luscius.»
247 959 286 1013 Aa
301 955 565 1013 sidiceretPilatus
581 973 587 1012 :
603 955 653 1012 iii-
676 966 678 1021 !
709 964 788 1014 extra
814 957 966 1015 tumultum
984 958 1159 1026 Judaeorum,
1175 965 1201 1016 et
1217 961 1293 1017 dixit

67 1029 94 1086 bi
113 1041 170 1086 non
188 1030 256 1085 licet
273 1028 439 1100 erueiligere
458 1027 652 1092 innocentem,
675 1028 679 1115 l
708 1031 746 1085 ad
764 1033 880 1086 lesum:
899 1030 976 1088 Unde
988 1045 1016 1085 es
1031 1035 1061 1086 ιιι
1074 1033 1088 1086 t
1103 1028 1132 1087 id
1147 1035 1200 1100 est,
1217 1031 1296 1090 unde

67 1117 115 1158 ios
129 1099 303 1170 crucifigite,
314 1100 338 1157 si
354 1098 449 1156 iuliis.
466 1098 610 1157 Derisoiie
625 1103 655 1156 et
677 1132 679 1187 ι
708 1099 813 1158 duxisti
830 1100 970 1172 originem
983 1101 997 1157 ‘l
1008 1102 1063 1158 Per
1073 1105 1125 1159 boc
1137 1104 1296 1174 querebat,

68 1172 252 1243 indignanter
269 1172 323 1228 boc
344 1170 424 1238 diiii,
441 1171 578 1242 quianon
604 1173 653 1228 ba·
709 1178 804 1229 utrum
823 1176 899 1230 esset
920 1175 1003 1232 Deus.
1021 1173 1064 1230 ori
1086 1173 1164 1231 inem
1185 1175 1296 1233 babens

67 1245 172 1302 bebant
185 1242 515 1315 potestatemjudicandi
530 1242 654 1314 aliquem
677 1269 679 1321 ;
709 1243 835 1302 divinam
847 1261 854 1313 ;
868 1243 910 1301 vel
926 1189 1143 1311 bomo,ha{ens
1153 1245 1295 1319 originem

69 1316 103 1373 ad
119 1322 263 1384 mortem;
279 1315 354 1372 unde
369 1317 525 1372 seeundum
541 1315 655 1384 Chryso-
677 1348 680 1411 5
708 1320 863 1374 terrenam.
874 1319 953 1372 lesus
963 1322 1055 1373 autem
1065 1333 1227 1388 responsum
1239 1335 1295 1376 noir

68 1394 193 1452 atomum,
237 1386 294 1444 uod
310 1385 378 1443 uixit
395 1385 592 1458 :crucifigite
611 1402 656 1443 eii·
677 1427 680 1451 ,
709 1387 787 1444 dedit
800 1390 835 1446 ei.
854 1387 974 1461 implens
989 1387 1059 1446 illud
1073 1388 1292 1462 propheticum:

70 1403 277 1517 merantis‘luit
291 1459 345 1515 boc
359 1459 488 1522 verbum.
503 1459 579 1515 etad
594 1473 654 1516 reni
678 1455 679 1503 1
708 1461 788 1517 Sicut
808 1462 868 1516 oola
891 1476 946 1516 uon
966 1463 1077 1542 operuit
1101 1476 1131 1517 os
1155 1477 1246 1524 wem.
1262 1469 1294 1519 ut

71 1529 679 1602 nonconcessamillisimpollentis.Viden·t
709 1530 1294 1604 nobisclaretpatientiaeexemplum.Quia

71 1607 110 1659 tes
117 1599 328 1670 autemludaei,
343 1603 418 1674 quod
430 1601 537 1658 Pilatus
547 1601 653 1658 clamo·
677 1654 680 1674 ,
709 1601 785 1660 enim
800 1603 908 1660 Pilatus
921 1602 1010 1661 altam
1022 1603 1294 1677 quasivitquaestio·

70 1673 146 1732 ribus
160 1689 263 1732 eorum
279 1689 337 1730 non
352 1673 555 1744 acquiesceret,
568 1673 655 1730 iucoe·
677 1675 679 1751 l
708 1691 786 1743 nem,
797 1691 853 1732 non
865 1673 974 1732 audivit
987 1673 1294 1748 responsionemtnam

71 1755 169 1818 perurit
186 1747 317 1818 allegare
335 1744 461 1802 rationes
476 1745 555 1814 aliar,
568 1760 653 1818 quam
677 1760 679 1785 t
710 1745 805 1804 diuina
816 1745 963 1818 generatio
979 1745 1089 1804 inlideli
1102 1752 1130 1804 et
1143 1746 1293 1806 incredulo

72 1832 153 1888 supra
166 1817 375 1890 allegaverant,
393 1821 422 1874 et
436 1817 609 1874 accusabant
623 1833 653 1874 e·
676 1822 679 1889 Ι
709 1818 876 1890 explicanda
897 1833 954 1876 nou
976 1824 1049 1888 erat,
1069 1823 1098 1876 et
1119 1823 1187 1891 quia
1211 1835 1294 1878 suam

73 1905 127 1958 nm,
140 1890 207 1962 quia
235 1894 339 1946 contra
365 1891 466 1961 Legem
482 1891 531 1945 Dei
552 1887 652 1945 Filium
676 1895 679 1935 t
709 1889 875 1947 Passionem
885 1888 1025 1962 impedire
1038 1889 1164 1958 nolebat,
1179 1907 1245 1950 eum
1256 1891 1294 1950 ad

73 1961 118 2017 ttei
131 1977 161 2018 se
177 1964 263 2030 lecit;
278 1966 308 2017 et
322 1959 396 2028 iden,
413 1965 443 2017 ut
459 1961 652 2032 blasphemus,
676 1960 679 2026 i
708 1961 762 2018 boc
777 1961 910 2032 venisset,
924 1961 1000 2034 qnod
1013 1977 1065 2034 pro
1077 1963 1159 2020 uobis
1169 1961 1227 2035 pati
1238 1965 1294 2021 vel·

71 2033 222 2090 secundum
251 2035 356 2104 Legem
386 2048 471 2105 quam
497 2033 652 2101 habebunt,
676 2029 678 2040 ⁴
708 2033 757 2089 let.
775 2036 849 2089 Dicit
864 2049 928 2104 erpo
950 2035 976 2088 et
994 2035 1114 2096 Pilatus,
1130 2049 1292 2106 provocans

72 2104 138 2160 mori
151 2106 285 2162 deberet.
298 2105 505 2177 Responderunt
517 2106 543 2159 ei
551 2105 652 2160 Iudai.-
708 2119 774 2160 eum
785 2105 821 2162 ad
831 2119 997 2175 responsum
1010 2104 1137 2176 aliquod,
1152 2120 1203 2177 per
1215 2106 1292 2176 quod

71 2177 122 2233 llos
135 2178 232 2246 bepem
249 2176 392 2240 babemus,
404 2181 429 2232 et
440 2176 588 2232 secundum
602 2178 651 2232 Le·
708 2175 756 2232 illa
780 2175 923 2232 accusatio
952 2175 1061 2232 excludi
1085 2181 1204 2246 posset:
1220 2179 1293 2234 tillia·

72 2248 219 2315 pemistam
228 2248 311 2304 debet
321 2251 399 2308 mori.
409 2251 481 2318 'quta
491 2249 593 2304 Filium
603 2249 653 2304 Dei
675 2270 678 2343 q
707 2264 761 2304 uon
777 2248 918 2319 loqueris?
932 2245 1089 2304 Mirabatur
1102 2248 1138 2304 de
1149 2249 1210 2319 ejus
1225 2247 1292 2306 taei-

72 2321 179 2386 eesece't.
191 2321 290 2386 Erras,
300 2319 435 2387 oJudaee,
446 2320 513 2391 quia
524 2334 554 2375 se
564 2319 652 2376 Deum
709 2318 854 2388 turnitate,
863 2333 927 2379 cum
938 2323 1013 2376 esset
1026 2318 1059 2401 iq
1064 2323 1169 2401 puncto
1184 2317 1290 2378 libara-

72 2403 124 2446 non
139 2389 215 2459 iecit,
230 2391 286 2448 sed
297 2391 382 2447 Pater
394 2407 458 2448 eum
470 2389 566 2462 genuit
578 2391 652 2447 Deus
675 2376 678 2420 l
707 2389 804 2458 tionis,
820 2389 865 2448 vel
880 2389 1126 2447 condemnationis
1137 2405 1206 2448 suae.
1222 2391 1290 2450 ldeo

74 2461 165 2528 Deum,
179 2473 208 2520 et
219 2478 293 2534 ergo
305 2461 407 2518 Filium
416 2463 466 2519 Dei
476 2479 507 2519 se
517 2461 650 2530 dicendo,
707 2465 838 2533 sequitur
853 2478 861 2518 ι
876 2463 972 2522 Nescis
987 2464 1056 2534 quia
1069 2467 1231 2533 potestatem
1242 2465 1290 2520 lia·

73 2547 125 2589 uon
139 2533 363 2606 blasphemavit,
379 2533 430 2590 sed
444 2532 592 2590 veritatem
609 2532 651 2589 di·
708 2533 754 2590 beo
769 2537 927 2606 erneillpere
942 2539 968 2590 te
990 2540 1016 2590 et
1027 2539 1189 2604 potestatem
1204 2536 1290 2593 babeo

73 2602 118 2660 iit.
133 2606 210 2662 llnde
229 2608 429 2674 Auqusti'nus:
448 2627 463 2658 ιι
476 2607 547 2662 Ecce
562 2605 653 2662 altera
707 2606 883 2662 demitterere
894 2608 909 2662 2
919 2604 1005 2673 Quasi
1018 2603 1125 2662 diceret
1136 2623 1143 2662 :
1154 2605 1221 2663 1111ιί
1235 2607 1290 2664 sal·

75 2677 160 2747 major
173 2683 216 2735 est
231 2676 353 2744 invidia,
369 2693 457 2749 parva
479 2675 583 2760 quippe
602 2676 652 2733 illa
707 2682 764 2734 tcm
779 2679 898 2735 deberes
911 2676 1095 2748 respondere.
1106 2679 1176 2746 lna,
1188 2677 1290 2750 Pilate,

74 2745 215 2807 videbatur
228 2748 311 2805 velut
323 2747 462 2806 affectatae
472 2747 569 2805 illicito
580 2764 651 2806 ausu
706 2764 775 2806 voce
786 2747 1004 2821 constringeris;
1014 2747 1218 2807 tuadamnaris
1228 2766 1291 2808 seu·

74 2818 153 2890 iegiae
175 2822 335 2893 potestatis.
352 2822 383 2876 tit
403 2827 497 2877 tamen
518 2825 651 2877 neutrum
705 2819 805 2877 tentia.
821 2819 849 2878 Si
865 2819 986 2877 enimin
1003 2828 1031 2877 te
1046 2825 1137 2878 totum
1152 2826 1196 2878 est
1213 2821 1290 2895 posi-

75 2890 123 2946 sibi
136 2893 216 2950 lesus
226 2891 414 2948 'mendaciter
430 2892 586 2964 usurpavit,
600 2891 651 2948 sed
674 2902 677 2984 Ι
706 2897 779 2962 tum,
794 2907 882 2963 quare
896 2890 1094 2972 innocentem,
1110 2891 1140 2948 in
1157 2907 1213 2962 quo
1231 2892 1280 2950 uiil

74 2965 230 3035 utrumque,
248 2963 358 3021 scilicet
379 2980 386 3019 ε
405 2963 471 3036 quia
494 2967 556 3020 erat
582 2965 650 3032 lter,
706 2963 763 3020 lam
783 2978 897 3020 causam
918 2961 1061 3030 invenisti,
1079 2978 1136 3020 non
1153 2963 1292 3022 absolvis?

75 3037 101 3087 et
112 3033 194 3092 Filius
210 3033 275 3100 Dei,
287 3049 385 3091 verum
400 3040 443 3092 est
458 3051 466 3091 ι
482 3041 511 3092 et
523 3033 652 3107 unigeni·
708 3037 763 3092 Pro
777 3039 919 3118 potestate
929 3049 1007 3105 ergo.
1022 3049 1076 3116 [ron
1092 3050 1144 3106 pro
1155 3035 1291 3106 aequitate

75 3107 117 3159 tus
137 3112 178 3162 est
191 3107 242 3164 Dei
259 3105 356 3175 Filius,
370 3112 399 3163 et
411 3110 469 3164 lieo
488 3109 574 3164 olleo
585 3122 651 3162 con·
707 3106 931 3178 crucifigendum
950 3106 1102 3162 Dominum
1117 3105 1222 3176 tradis;
1240 3122 1292 3180 per

74 3177 181 3234 stitutus
194 3195 281 3250 super
304 3180 372 3236 Sion
396 3185 512 3234 montem
525 3183 651 3234 sonetum
707 3183 877 3250 potestatem
890 3175 1291 3246 latronemabsolvis,itucto-

76 3245 146 3314 ejus:
162 3255 190 3305 et
209 3257 363 3321 utrumque
385 3265 461 3306 nunc
476 3249 652 3306 demonstra·
706 3263 768 3306 rem
782 3263 849 3305 uero
865 3249 929 3304 vitae
945 3246 1092 3303 interlicis.
1109 3249 1140 3304 ut
1152 3248 1219 3320 qula
1230 3249 1292 3322 glo·

77 3323 159 3386 retur,
167 3319 410 3394 nisiquantoerat
419 3319 573 3394 potentior,
585 3327 651 3377 tan·
674 3320 678 3351 ¹
706 3320 796 3377 riatur
810 3319 846 3376 de
865 3335 917 3376 sua
931 3323 1080 3388 potestate,
1096 3317 1159 3375 ideo
1173 3335 1289 3392 respon·

77 3391 103 3443 to
118 3392 211 3448 mallet
225 3409 290 3449 esse
306 3392 472 3464 patientior:
490 3413 503 3445 i
519 3393 580 3449 baec
594 3394 652 3449 Λιι-
706 3392 750 3448 dit
770 3393 848 3448 lesus
872 3390 910 3448 ad
931 3389 1143 3462 reprimendum
1165 3389 1287 3463 eJusja-

77 3463 652 3534 cutinusffluiicerpo.eumaudissetltwre
707 3461 842 3520 stantiam
861 3471 890 3520 et
917 3467 1073 3530 tumorem;
1088 3461 1187 3518 dicens
1202 3479 1210 3518 ε
1225 3465 1288 3521 Noa

78 3543 219 3592 samonem
240 3537 349 3592 Pilatus
378 3539 467 3604 mopis
495 3537 599 3599 timuit.
615 3551 652 3592 ue
708 3535 820 3591 liudem
840 3539 1002 3607 potestatem
1024 3533 1170 3590 aduersum
1191 3549 1234 3590 me
1247 3534 1289 3591 ul·

79 3599 146 3681 torte
161 3621 259 3664 verum
274 3611 350 3664 esset
363 3607 438 3679 qnod
452 3614 526 3664 esset
543 3607 591 3664 Dei
608 3607 652 3664 Fi·
708 3609 774 3672 lom,
794 3605 1082 3678 quantulamcumque
1110 3605 1212 3674 babes,
1231 3607 1289 3663 nist

79 3669 138 3752 lius,
156 3682 184 3734 et
200 3681 241 3735 sic
267 3678 373 3735 tacitum
397 3693 513 3735 enorme
543 3678 654 3736 iecisset
707 3679 762 3735 boc
778 3675 871 3747 ipsum
886 3675 1032 3748 quidquid
1044 3682 1098 3746 est,
1113 3677 1167 3734 tibi·
1180 3678 1289 3742 dotum,

80 3759 165 3813 ipsum
185 3746 330 3820 puniendo
352 3755 382 3806 et
405 3750 560 3817 illudendo,
576 3755 605 3806 et
617 3765 653 3806 ne
708 3755 737 3806 ct
751 3763 917 3806 concessum
932 3755 1001 3804 esset
1015 3748 1140 3820 desuper.
1154 3747 1293 3806 sciliceta

80 3814 216 3877 rideretur
228 3819 326 3892 inique
336 3837 421 3894 agere
431 3821 586 3878 occidendo
610 3819 653 3878 lili
709 3821 821 3878 Caesare
846 3826 874 3877 et
888 3819 1006 3878 ulterius
1020 3818 1191 3891 permissum
1206 3822 1294 3878 aDeo

81 3901 143 3944 iero
161 3891 213 3948 boc
238 3892 366 3950 dicentes
389 3909 447 3950 non
470 3893 653 3956 horruerunt,
709 3891 759 3963 qui
773 3900 817 3948 est
827 3896 952 3964 potestas
963 3889 1103 3963 superior,
1115 3897 1239 3975 utaquo
1250 3899 1295 3950 est

82 3960 126 4012 scd
136 3957 307 4020 interficiunt
317 3980 393 4032 eum,
403 3979 454 4036 pro
463 3963 565 4036 quibus
573 3979 655 4036 opor·
710 3963 803 4020 omnis
814 3967 951 4036 potestas.
967 3963 1040 4020 Eteri
1055 3962 1109 4020 boc
1123 3973 1219 4036 arguit
1233 3965 1295 4036 ejus

83 4032 168 4087 tuerat
191 4033 322 4092 adorare.
343 4038 503 4093 Secundum
517 4037 654 4104 Aupmti-
708 4039 867 4108 peccatum,
881 4036 949 4106 quia
974 4049 1032 4090 non
1049 4041 1198 4104 acceperat
1216 4041 1295 4108 potc-

81 4113 151 4170 ruuo,
166 4104 271 4162 Pilatus
288 4123 342 4164 uon
372 4107 466 4164 timuit
484 4108 586 4164 besem
610 4121 656 4163 eo·
709 4105 1296 4164 statemaCaesareetaDeoiiinoiioscon·

83 4183 151 4242 rum,
170 4181 199 4231 ut
224 4177 374 4248 occideret,
399 4177 466 4250 quia
494 4175 656 4250 alienigena
710 4177 875 4236 damnandi.
893 4177 943 4234 sed
963 4175 1054 4249 magis
1075 4175 1215 4234 liberandi
1234 4193 1294 4235 eos.

83 4247 148 4310 erat,
165 4252 193 4302 et
209 4248 309 4332 legem
326 4265 380 4306 uon
401 4251 588 4316 ob‹civabii;
605 4249 655 4306 scd
711 4251 743 4305 Et
758 4248 826 4319 quia
846 4248 953 4305 Pilutus
972 4247 1093 4306 Gentilis
1109 4255 1181 4316 erat,
1199 4255 1229 4304 et
1246 4263 1294 4304 su·

83 4315 272 4387 magistimnu
288 4321 387 4379 Filium
415 4319 465 4380 Dei
488 4337 525 4378 ne
541 4319 655 4378 occide·
709 4319 829 4394 perioris
858 4321 1007 4392 potestatis
1033 4319 1135 4377 timore
1163 4319 1294 4392 augeba-

83 4391 130 4441 ret.
147 4387 229 4447 Prius
251 4390 344 4450 timuit
365 4393 495 4452 occidere
521 4393 655 4450 innocen·
709 4397 768 4462 tur,
786 4391 856 4450 dicit
870 4407 935 4452 euni
956 4391 1050 4449 minus
1069 4404 1188 4464 peecare
1206 4403 1293 4462 qnam

168 4485 235 4538 Viri
248 4487 312 4543 lesu
323 4491 440 4550 Criu‘si'r,
455 4504 540 4544 rosit's
551 4489 599 4542 1v.
1219 4491 1232 4537 ὓ
