3036 5042
396 429 438 484 DE
466 426 566 484 Pillll0
593 427 829 494 conueniente,
858 430 890 485 lli
918 429 1078 484 l’dSSlllllll
1107 428 1234 482 DOMINI.
1404 423 1433 478 ld

209 535 351 612 proditori
368 540 417 592 tuo
431 541 531 593 notum
550 534 684 592 cumillis
698 534 793 592 diver·

209 605 278 676 listi,
290 606 488 664 sciensomnia
500 622 564 678 quae
578 612 699 666 ventura
711 612 793 664 erant

209 695 295 750 super
313 683 352 736 te.
368 677 408 736 lbi
430 679 534 735 animas
553 685 609 735 tuae
635 677 792 742 tristitiam,

208 765 296 824 quam
311 767 344 807 ex
361 749 526 806 imminente
542 749 677 806 Passione
693 757 792 823 sponte

208 819 396 894 assumpsisti,
409 821 483 879 sicut
497 826 526 877 et
538 827 632 878 cetera
647 837 710 892 quae
727 837 791 888 pas-

209 911 257 952 sus
273 909 305 950 es
331 894 359 949 in
381 892 500 951 auribus
524 892 645 949 lratrum
663 893 791 964 profiteri

207 981 266 1023 non
274 963 424 1031 erubuisti,
438 962 538 1021 dicens
549 982 555 1020 :
568 966 668 1020 Tristis
675 969 715 1020 ast
728 967 791 1020 oni·

206 1054 253 1094 mo
275 1052 335 1092 meo
350 1051 436 1107 usque
449 1036 488 1091 ad
501 1041 624 1092 mortem
642 1056 657 1086 n
685 1037 718 1092 Et
733 1037 791 1092 ite-

208 1124 287 1165 rum:
304 1131 318 1160 ιι
329 1106 537 1178 Preceditipse
553 1107 588 1164 ad
599 1113 724 1163 montem
736 1107 792 1164 Oli·

208 1178 277 1249 veti,
290 1183 321 1234 tu
338 1195 404 1235 eum
425 1194 556 1305 sequere.
580 1181 627 1243 Et,
654 1177 720 1233 licet
739 1195 791 1234 as-

206 1255 317 1322 sumpto
331 1252 412 1306 Petro
420 1255 447 1306 et
480 1249 566 1306 uoltus
580 1250 792 1320 tiliiszebedai,

208 1323 246 1379 ad
261 1327 370 1378 secreta
381 1319 538 1389 secesserit,
556 1320 599 1377 vel
615 1337 633 1377 a
651 1320 734 1393 longe
748 1320 791 1377 in·

208 1399 290 1451 tuere
303 1392 442 1464 quomodo
452 1393 480 1448 in
491 1408 522 1448 se
531 1396 658 1448 nostram
669 1397 791 1449 transtu·

208 1465 273 1523 lerit
288 1463 494 1521 necessitatem.
504 1462 574 1521 Vide
588 1463 730 1536 quomodo
743 1463 791 1521 ille

208 1537 288 1608 cujus
313 1541 380 1592 sunt
405 1534 512 1604 omnia,
529 1551 631 1620 pavere
647 1534 743 1617 ‚coepjt
762 1541 791 1592 et

207 1613 326 1665 moestus
348 1622 432 1664 esse:
451 1609 550 1663 Tristes
574 1611 625 1675 est,
646 1622 789 1679 inquiens,

207 1683 302 1736 animo
320 1695 391 1746 mea,
410 1693 496 1750 usque
514 1678 552 1733 aa
569 1683 692 1734 mmlent.
713 1680 790 1734 Unde

207 1752 273 1820 hoc,
284 1752 358 1808 Deus
373 1750 473 1806 meust
488 1751 529 1806 lta
541 1748 710 1821 computeris
720 1748 790 1807 milri

208 1823 346 1879 exhibens
365 1821 521 1884 hommem,
539 1820 789 1892 utquodammodo

207 1891 330 1950 ridearis
343 1892 455 1950 nescire
468 1891 544 1965 quod
557 1893 632 1950 Deus
642 1893 694 1949 est
705 1893 791 1950 »haec

210 1966 371 2022 Anselmus.

241 2037 344 2093 5Tnns
365 2053 455 2094 causa
474 2053 612 2094 rmsrrrna
627 2039 738 2093 Dourm.
753 2067 789 2078 -

205 2107 363 2180 assumpsit
380 2115 476 2164 autem
491 2108 619 2165 Christus
633 2107 719 2166 istum
738 2123 789 2179 pa·

206 2195 302 2237 vorem
323 2184 351 2235 et
365 2178 509 2236 tristitiam
525 2184 641 2253 propter
655 2178 787 2252 plurima.

205 2283 240 2293 -
255 2249 360 2320 Primo,
373 2251 526 2307 secundum
539 2253 744 2321 Hieronymum,
759 2256 790 2308 ut

206 2321 355 2380 veritatem
365 2323 501 2394 assumpti
510 2321 633 2379 hominis
644 2323 787 2392 probaret.

205 2393 340 2452 Naturale
365 2392 442 2450 enim
468 2397 519 2459 ,est
546 2391 654 2450 homini
687 2391 788 2450 timere

206 2471 339 2523 mortem.
357 2466 395 2521 Ex
405 2465 460 2520 hae
474 2464 596 2522 naturali
614 2463 729 2520 tristitia
743 2479 789 2520 re-

205 2554 235 2594 re
243 2535 628 2594 contristatusestDominus.
638 2535 789 2592 Sedscien·

207 2609 287 2676 dum,
312 2607 391 2679 quod
410 2607 541 2678 quaedam
559 2612 603 2664 est
630 2605 745 2663 tristitia
760 2611 788 2664 et

204 2679 322 2752 quidam
336 2677 423 2734 timor
436 2676 576 2735 rationem
591 2679 787 2749 submergens,

204 2757 233 2808 et
247 2749 404 2818 hominem,
419 2755 581 2822 contempto
606 2747 656 2806 Dei
681 2765 787 2820 praece-

204 2831 264 2894 pto,
279 2820 461 2893 inpeccatum
471 2821 588 2887 ducens,
603 2823 676 2876 sicut
689 2821 788 2877 Petrus

205 2892 308 2950 timore
325 2893 437 2962 negavit
458 2891 619 2948 Christum:
639 2891 674 2948 de
686 2893 789 2962 hujus-

205 2962 281 3022 modi
299 2965 452 3036 loquuntur
474 2962 656 3034 expositores,
675 2962 788 3034 quando

204 3035 453 3093 dicuntChristum
464 3049 522 3090 non
531 3033 671 3110 timuisse,
683 3033 788 3106 quippe

93 3117 95 3120 “
205 3107 253 3180 qui
268 3106 305 3163 ad
320 3107 372 3164 hoc
392 3110 511 3161 venerat
530 3110 561 3162 ut
584 3110 740 3177 pateretur,
760 3116 789 3162 et

204 3179 266 3252 ipse
277 3179 390 3234 Petrum
399 3175 567 3232 temeritatis
574 3181 717 3246 arguerat,
725 3193 789 3232 eum

204 3266 269 3308 eum
289 3249 375 3306 vellet
391 3253 521 3304 avertere
539 3265 556 3304 a
576 3246 723 3315 Passieno,
739 3247 788 3303 di-

203 3337 287 3378 cens:
298 3321 381 3376 Adsit
390 3337 408 3374 a
420 3325 455 3388 te,
465 3321 587 3382 Domine.
605 3335 660 3375 non
671 3321 723 3374 erit
736 3320 789 3374 tibi

204 3394 264 3450 ltoc.
275 3393 324 3448 Est
337 3397 365 3448 et
376 3390 448 3447 alius
455 3389 541 3446 timor
553 3389 728 3458 moderatus,
739 3388 789 3462 qui

204 3462 374 3521 naturaiiter
387 3461 462 3518 inest
476 3461 554 3518 omni
570 3460 689 3529 homini,
704 3467 732 3518 et
746 3465 789 3518 est

204 3534 266 3592 sine
300 3539 406 3596 eceato.
426 3535 499 3590 sieut
515 3537 544 3590 et
559 3534 658 3602 lomes,
672 3539 701 3589 et
716 3532 788 3600 sitis,

204 3611 234 3663 et
246 3550 319 3663 ulls
332 3604 481 3686 passiones
495 3604 608 3661 luerunt
619 3603 648 3686 ln
661 3603 787 3672 Christo;

205 3677 280 3734 unde
289 3675 347 3746 ipse
360 3677 528 3733 naturaliter
536 3676 789 3744 hermamonem,

205 3753 234 3806 et
249 3747 567 3821 poenasacerbissimas.
584 3761 654 3817 quas
673 3744 788 3818 prasci-

204 3821 245 3876 vit
260 3835 291 3876 se
307 3833 456 3889 passurum
471 3817 506 3874 de
534 3816 673 3889 proximo.
698 3817 789 3874 Aliter

204 3895 303 3948 tamen
318 3889 481 3960 hujusmodi
505 3888 653 3960 passiones
672 3887 790 3946 luerunt

204 3960 235 4018 in
260 3963 373 4018 Christo
389 3976 474 4031 quam
489 3958 518 4015 in
545 3959 637 4017 nobis.
654 3961 685 4016 ln
708 3959 789 4016 nobis

204 4031 282 4089 enim
294 4032 460 4103 plerumque
471 4029 789 4112 hujusmodipassiones

206 4101 532 4176 praeeeniuntjudicium
548 4101 678 4171 rationis,
692 4108 720 4158 et
736 4101 789 4158 im·

205 4174 316 4247 perium
331 4173 503 4243 voluntatis3
520 4173 549 4230 in
566 4173 677 4232 Christo
693 4178 790 4230 autem

206 4261 320 4318 semper
331 4245 525 4318 sequebantur
541 4245 681 4302 rationem
696 4251 725 4302 et
742 4261 791 4302 vo·

205 4318 355 4388 luntatem,
369 4317 447 4375 unde
462 4317 558 4375 volens
573 4315 693 4374 esurivit
707 4329 738 4375 et
751 4318 789 4374 si-

206 4387 278 4460 tivit,
288 4391 388 4447 rolens
400 4388 494 4446 timuit
505 4393 534 4446 et
544 4387 729 4446 contristatus
736 4394 789 4446 est.

849 535 923 594 Nihil
937 535 1014 594 enim
1027 538 1156 592 eoactum
1170 533 1201 590 in
1216 536 1328 595 Christo
1343 543 1434 598 consi-

849 608 980 679 deratur;
999 606 1050 664 sed
1067 607 1163 663 omnia
1186 608 1349 667 voluntaria
1364 629 1433 670 cre-

848 679 964 736 duntur.
980 680 1113 749 lstaergo
1127 677 1244 735 tristitia
1258 678 1298 737 ita
1311 681 1364 739 luit
1379 700 1433 742 na-

847 749 959 819 turalis,
987 749 1064 820 quod
1083 757 1178 806 tamen
1199 749 1251 806 luit
1271 751 1432 812 voluntaria

849 827 877 878 et
890 821 1049 879 rationalis.
1060 820 1165 877 Etideo
1174 819 1323 890 signanter
1333 824 1432 883 dicunt

848 892 893 949 hie
910 891 1108 963 Evangelistae,
1129 891 1205 962 quod
1222 895 1302 964 cepit
1322 900 1431 953 contri-

846 967 928 1034 stari,
944 969 977 1020 et.
990 962 1067 1036 quod
1081 967 1166 1032 coeprt
1185 977 1304 1034 parere;
1323 968 1430 1025 nondi-

847 1041 924 1104 cunt,
936 1033 1186 1100 luitcontristatus,
1200 1034 1243 1090 vel
1257 1037 1432 1109 pavefactus,

847 1111 914 1178 quia
928 1106 988 1178 ipse
1004 1111 1097 1163 motus
1111 1103 1233 1162 tristitias
1256 1121 1314 1164 non
1327 1108 1354 1166 ei
1374 1111 1431 1168 do-

847 1180 972 1235 minatus
988 1183 1041 1248 est,
1054 1177 1104 1233 sed
1119 1175 1178 1248 ipse
1192 1193 1257 1234 eum
1272 1179 1368 1236 statim
1385 1198 1432 1239 as·

846 1249 976 1323 sumpsit,
991 1253 1019 1306 et
1033 1248 1171 1305 voluntati
1187 1247 1290 1306 dirinae
1300 1253 1430 1323 subjecit.

847 1321 930 1378 Aliud
943 1325 988 1378 est
1014 1321 1089 1377 enim
1109 1319 1283 1392 contristari,
1309 1331 1337 1378 et
1353 1323 1431 1382 aliud

846 1392 973 1466 incipere
988 1389 1167 1460 contristari;
1189 1391 1264 1447 unde
1280 1395 1432 1454 contristat

847 1480 911 1520 aum
925 1462 1085 1537 propassio,
1099 1462 1150 1519 sed
1165 1462 1257 1532 passio
1273 1480 1329 1521 nnn
1342 1465 1430 1524 dermi-

848 1543 931 1592 natur
944 1536 1006 1608 ejus
1014 1533 1126 1592 animo:
1139 1533 1287 1606 propassio
1302 1536 1380 1594 enim
1390 1538 1433 1594 di-

846 1611 884 1662 cit
898 1606 1103 1679 inceptionem,
1117 1606 1166 1662 sed
1178 1605 1272 1678 passio
1283 1610 1432 1667 continua·

846 1678 962 1760 tionem.
981 1677 1051 1746 Quia
1070 1693 1138 1748 ergo
1151 1676 1243 1759 'timor
1261 1681 1290 1735 et
1317 1679 1431 1738 tristitia

846 1755 1014 1822 inceperunt
1024 1765 1142 1820 surgere
1150 1765 1179 1805 rn
1191 1755 1271 1822 parte
1284 1751 1430 1822 sensitiva,

846 1821 896 1878 sed
912 1823 1037 1878 nondum
1051 1827 1242 1892 pervenerunt
1253 1823 1287 1878 ad
1297 1822 1356 1904 ejus
1367 1823 1431 1880 ani-

846 1909 925 1949 mum
941 1893 1002 1950 sive
1018 1897 1153 1962 mentem,
1173 1890 1237 1948 ideo
1258 1892 1350 1950 dixit:
1369 1897 1430 1951 Tm·-

845 1967 897 2020 stis
911 1970 951 2020 cst
964 1966 1060 2020 animo
1073 1979 1133 2018 meo
1151 1965 1289 2034 usquead
1305 1972 1430 2033 mortain,

845 2036 893 2092 ubi
908 2034 1006 2092 anima
1022 2033 1145 2091 sumitur
1161 2049 1213 2106 pro
1239 2041 1319 2104 parte
1339 2037 1430 2096 sensi·

845 2105 914 2175 tiva,
933 2105 964 2163 in
978 2121 1035 2178 qua
1049 2111 1115 2162 sunt
1129 2104 1293 2176 passiones;
1308 2121 1367 2164 non
1379 2126 1431 2168 au·

845 2184 903 2234 tem
919 2176 950 2234 in
969 2175 1093 2244 ratione,
1110 2173 1184 2232 sicut
1198 2175 1284 2232 etiam
1299 2177 1368 2236 alibi
1388 2181 1430 2237 di·

844 2253 924 2306 xerat
940 2265 947 2304 :
963 2251 1044 2306 Nune
1058 2249 1152 2303 aalma
1171 2263 1231 2303 mea
1250 2249 1363 2305 turbato
1379 2256 1429 2308 est.

846 2321 961 2378 Poterat
975 2317 1091 2392 quidem
1106 2317 1234 2375 Christus
1251 2323 1354 2378 natura
1370 2339 1429 2380 nou

845 2391 927 2460 niori,
943 2392 1015 2448 sieut
1025 2390 1116 2446 Adam
1126 2389 1217 2462 potuit
1226 2407 1283 2447 non
1296 2394 1368 2449 mori
1380 2409 1430 2452 an-

843 2468 872 2520 te
886 2468 1046 2534 peccatum
1064 2465 1093 2518 in
1107 2477 1141 2518 eo
1160 2461 1235 2518 enim
1251 2462 1358 2520 nullum
1374 2466 1432 2522 cul-

842 2550 887 2606 pas
901 2533 1039 2602 debitum,
1052 2532 1157 2590 nullius
1168 2533 1276 2605 peccati
1283 2533 1336 2592 luit
1348 2535 1432 2594 resti·

843 2605 930 2677 gium.
944 2606 998 2663 Sed
1016 2603 1089 2661 sicut
1101 2621 1195 2661 veram
1211 2605 1429 2678 humanitatem,

844 2677 883 2734 ita
898 2682 926 2734 et
941 2679 1083 2733 humanas
1108 2675 1289 2734 infirmitates
1315 2685 1429 2737 nostras

842 2747 1003 2820 assumpsit,
1013 2763 1078 2819 quae
1091 2763 1109 2804 a
1124 2749 1180 2804 lieo
1198 2763 1255 2804 non
1270 2757 1425 2821 separant;

843 2822 920 2875 verint
930 2835 946 2876 e
958 2818 1239 2890 contraignorantia,
1248 2821 1427 2892 impotentia,

827 2889 1082 2962 ,coucupiscentia
1097 2895 1126 2945 et
1141 2889 1301 2961 hujusmodi
1315 2893 1430 2951 lacrunl.

844 2965 877 3019 Et
898 2968 974 3030 nota,
994 2961 1069 3032 quod
1087 2960 1245 3043 compassio
1264 2963 1382 3022 turbans
1401 2964 1431 3022 in

843 3031 940 3091 anima
951 3038 1042 3106 potest
1057 3033 1206 3103 tripliciter
1219 3033 1348 3092 accidere
1363 3053 1370 3093 :
1383 3041 1432 3094 aut

844 3110 948 3177 praeter
962 3103 1112 3177 imperium
1133 3109 1162 3160 et
1177 3105 1316 3176 judicium
1338 3107 1431 3164 ratio-

844 3174 899 3243 nis,
915 3181 945 3232 ut
964 3182 1057 3232 motus
1072 3176 1195 3244 subitus,
1211 3175 1259 3247 qui
1274 3181 1433 3248 appellatur

844 3246 1006 3328 propassio;
1036 3251 1084 3302 ant
1103 3253 1203 3302 eontra
1230 3247 1380 3318 imperium
1404 3253 1433 3305 et

841 3316 979 3389 judicium
992 3316 1123 3385 rationis,
1145 3325 1174 3373 ut
1189 3321 1282 3373 motus
1297 3333 1431 3391 progres-

845 3387 921 3445 sivus
937 3387 1070 3461 usquead
1085 3388 1330 3460 perturbationem
1342 3390 1430 3448 ratio·

846 3461 900 3529 nis,
921 3460 964 3516 vel
980 3476 1059 3517 nsua
1072 3458 1251 3530 rectitudine,
1274 3465 1303 3516 ut
1317 3460 1348 3518 in
1362 3477 1429 3520 ma-

845 3530 891 3599 lis,
912 3531 989 3588 vela
1017 3547 1068 3588 sna
1092 3531 1314 3603 tranquillitate,
1339 3539 1371 3590 ut
1398 3533 1427 3592 in

845 3601 927 3659 honis
940 3601 1131 3675 imperiectis;
1147 3611 1197 3660 aut
1212 3607 1370 3662 secuudum
1382 3604 1434 3664 im·

846 3676 954 3746 perium
975 3680 1003 3730 et
1013 3672 1154 3745 judicium
1169 3673 1300 3743 rationis,
1316 3681 1347 3732 ut
1370 3693 1431 3734 mo·

845 3750 917 3802 tusa
932 3744 1044 3801 ratione
1060 3750 1213 3826 imperatus
1226 3753 1254 3802 et
1271 3747 1432 3819 ordinatus,

846 3823 877 3872 ut
895 3815 1018 3873 turbatio
1033 3815 1197 3887 poenrtentis
1214 3830 1241 3873 et
1254 3823 1430 3891 compatien-

845 3887 892 3943 tis.
911 3885 1006 3944 Primo
1032 3889 1128 3958 modo,
1153 3887 1299 3971 passiones
1320 3890 1431 3948 suntin

845 3957 977 4014 omnibus
992 3961 1071 4031 puris
1086 3958 1248 4016 hominibus
1261 3960 1345 4017 etiam
1363 3978 1432 4030 per-

847 4029 944 4098 lectis;
961 4030 1084 4087 seeundo
1102 4033 1196 4100 modo,
1210 4030 1240 4087 in
1258 4031 1432 4104 imperfectis

846 4105 957 4170 sotum3
973 4101 1058 4159 tertio
1073 4103 1168 4172 modo,
1184 4103 1216 4157 in
1228 4103 1352 4173 Christo,
1366 4106 1433 4176 quia

846 4171 875 4229 in
889 4188 922 4229 eo
938 4172 1065 4230 totaliter
1079 4175 1193 4231 subtlrta
1208 4179 1270 4230 erat
1289 4173 1432 4232 sensuali·

846 4249 890 4301 tas
902 4243 1019 4314 rationi,
1029 4244 1139 4302 stratio
1149 4243 1271 4302 interior
1280 4243 1431 4317 superiori,

847 4325 876 4374 et
890 4317 1021 4388 superior
1033 4318 1091 4376 Deo
1104 4335 1111 4386 ;
1126 4333 1180 4374 uec
1195 4320 1293 4398 tamen
1308 4331 1366 4373 una
1376 4331 1433 4389 po-

848 4385 938 4445 tentia
952 4386 1126 4460 impediebat
1137 4386 1224 4446 aliam
1239 4401 1269 4443 ru
1282 4401 1370 4460 opere
1380 4403 1433 4447 suo
