2974 5040
170 383 215 439 isa
518 356 670 440 secunus
697 383 817 441 rinus
845 382 949 438 nirur
980 382 1058 438 ixii

173 512 187 546 il
202 494 232 550 ln
246 491 300 550 lioc
311 493 406 550 aulem
421 487 587 562 ignoranter
598 507 698 549 verum
713 491 756 550 di-

173 560 757 637 auntpejnrenimluitcontemptnspoeni-

172 633 431 700 tentiaeioludaeis,
461 635 757 707 uamerrorignoran-

173 707 230 766 iiae.
248 708 330 780 Pejor
339 716 400 766 eret
413 650 566 764 iniiieiiias
578 707 756 764 Resurrecti-

173 778 758 852 onis,quamcrudelitasPassionis.Consi·

174 855 344 922 lenturergo
352 852 438 922 plane
446 853 520 922 quod
532 851 610 922 prius
618 851 669 908 luit
677 867 758 908 error

175 921 204 978 iu
218 937 288 979 nece
301 921 424 980 Domini.
439 943 454 973 ii
471 921 524 978 Ubi
540 928 625 980 etiam
640 925 756 990 dirpsi-

174 999 276 1050 stomus
293 1010 300 1050 :
317 1019 330 1044 i
344 993 411 1051 Vide
420 1001 516 1051 autem
531 995 654 1067 qualiter
669 994 755 1052 etiam

173 1064 304 1122 nolentes
318 1070 483 1123 concertant
504 1065 539 1122 ad
555 1066 755 1124 demonstran-

174 1137 238 1192 dam
265 1141 424 1196 veritatem.
451 1138 658 1210 lrreiragabilis
681 1139 756 1196 anim

174 1207 380 1266 demonstratio
392 1210 619 1268 Resurrectionis
630 1212 702 1268 lacta
715 1216 757 1268 est

174 1294 226 1352 per
238 1296 272 1337 ea
287 1297 349 1353 quae
366 1287 589 1354 praeienneruni.
602 1283 756 1352 Quiaenim

175 1352 757 1426 custoditumesisepnlclirum,nullalraus

175 1423 249 1481 loeta
264 1432 316 1482 est.
345 1426 372 1484 Si
399 1432 492 1483 autem
510 1428 586 1484 lraus
608 1427 681 1485 lacta
698 1444 755 1484 non

177 1501 229 1567 est,
246 1497 396 1555 manileste
412 1504 440 1554 ct
452 1497 686 1569 irrefragabiliter
700 1501 756 1555 llo-

176 1566 272 1624 minus
287 1569 410 1626 surreiit
422 1588 428 1626 :
440 1591 453 1622 ii
464 1571 525 1626 haec
539 1573 755 1640 chrysostomus.

176 1641 285 1695 Pilatus
299 1655 366 1696 vero
385 1641 446 1710 jam
468 1641 603 1712 fatigatus
618 1646 660 1697 ait
674 1644 734 1698 illis
749 1660 755 1698 :

175 1711 289 1765 Habetis
301 1713 463 1782 custodiam,
479 1711 508 1767 id
523 1721 565 1767 esi
579 1714 614 1770 do
629 1712 708 1770 vobis
724 1713 757 1769 li·

176 1779 299 1837 centiam
317 1782 441 1854 ponendi
458 1783 598 1854 custodes,
615 1791 643 1842 ει
659 1801 757 1842 conce·

177 1852 214 1934 do
229 1853 306 1924 quod
322 1853 468 1924 accipiatis
485 1854 589 1914 milites
606 1858 641 1914 ad
666 1861 758 1914 custo·

180 1925 313 1982 dlendum
335 1943 399 1983 euin
415 1943 467 2000 pro
482 1933 575 1985 vestra
590 1929 734 1986 voluntate
749 1947 756 1999 ;

177 1999 215 2052 ite
229 2000 258 2053 et
269 2000 403 2056 custodite
413 2003 485 2058 sicut
496 2003 670 2071 scitiaouasi
681 2001 758 2058 dice-

176 2073 220 2152 ret
236 2087 242 2125 :
260 2069 287 2128 Si
297 2071 381 2128 debet
395 2088 553 2146 resurgere.
569 2075 643 2132 male
657 2081 760 2147 poteri-

176 2147 213 2198 tis
228 2143 379 2202 custodire.
399 2146 488 2214 Quam
504 2145 542 2202 im
565 2145 608 2204 ius
623 2152 651 2204 et
666 2147 760 2203 latuus

177 2219 242 2298 erat
256 2215 372 2286 litatus,
389 2217 437 2289 qui
452 2217 525 2276 sicut
540 2162 680 2275 iliricum
696 2234 759 2291 per·

179 2288 373 2368 misitoceidi,
400 2291 439 2344 ita
458 2299 494 2345 et
522 2290 674 2352 custodiri;
695 2306 759 2346 eum

177 2363 261 2436 morti
277 2358 460 2429 adjudicavit,
478 2360 517 2416 eis
528 2360 615 2417 eliani
630 2363 761 2418 custodes

178 2426 265 2482 dedit.
280 2430 328 2482 ltli‘
342 2435 433 2484 nutem
448 2431 588 2500 abeuntes,
599 2438 628 2488 et
645 2434 759 2490 venien·

176 2501 221 2552 tes
231 2496 296 2553 illuc
311 2497 404 2580 prima
420 2503 760 2584 corpusejiisinspiciunt,

178 2572 208 2650 et
225 2583 305 2650 neum,
319 2585 369 2651 nui
386 2571 492 2628 Auctor
520 2581 585 2630 viiae
609 2575 761 2647 claruerat,

177 2653 207 2695 ιιι
224 2638 339 2696 internis
356 2643 486 2700 claustris
499 2651 653 2716 retentum,
668 2663 697 2704 se
712 2649 761 2705 de·

177 2711 762 2787 prelienitisselaelentes,ipsiiismum'aruiit

176 2785 349 2868 sepulchrum
375 2804 435 2844 aum
461 2790 630 2859 custodibus,
655 2793 762 2850 scilicet

177 2857 282 2914 milites
298 2871 423 2916 armatos
440 2864 571 2918 custodes
590 2871 759 2936 posuerunt,

178 2927 284 3012 deinde
304 2934 445 3000 signantes
471 2935 601 3016 lapidem,
626 2935 674 3007 qui
700 2942 762 2994 eret

176 3015 208 3082 in
232 3009 304 3058 ostio
329 3012 504 3062 monumenti
529 3007 604 3062 unde
631 3023 761 3066 accessus

177 3087 205 3128 io
226 3073 406 3146 sepulchrum
426 3087 498 3147 erat,
515 3077 637 3152 sigillum
657 3079 760 3136 Praesi-

178 3143 222 3202 dis
237 3161 269 3204 ac
284 3147 370 3206 etiarn
386 3149 478 3222 sigilla
493 3167 544 3208 sun
561 3151 586 3208 ei
602 3156 760 3224 apponunt,

177 3233 213 3274 ne
235 3219 339 3293 aliquis
358 3219 419 3278 sine
437 3222 509 3279 scitu
528 3239 626 3280 eorum
649 3223 760 3296 ingredi

177 3291 280 3417 &assim
301 3298 329 3349 et
344 3293 497 3364 diligenter
511 3297 606 3351 omnin
623 3295 759 3352 lecerunt.

200 3369 212 3418 t
239 3363 269 3419 in
290 3364 344 3419 hoc
372 3373 489 3436 apparet
515 3366 623 3422 malitia
649 3383 759 3439 eorum,

177 3432 244 3504 quia
266 3433 352 3489 etiam
373 3434 402 3490 in
430 3435 594 3492 custodibus
616 3453 673 3494 nou
695 3455 759 3496 coo·

178 3504 292 3570 lidunt,
320 3503 370 3560 sed
402 3503 520 3578 iusuper
544 3505 639 3636 εἰΕἰΙΙε
667 3526 760 3582 appo-

177 3581 258 3631 nunt.
279 3577 336 3632 lloc
351 3581 445 3634 antem
461 3582 551 3634 totum

179 3644 236 3728 luit¹
256 3645 330 3720 lleri,
359 3655 475 3724 propter
502 3653 639 3724 majorem
669 3653 759 3710 certi-

177 3717 304 3800 tudinem
335 3721 559 3780 llesurrectinnis
576 3740 647 3794 suae,
670 3729 702 3780 ιιι
731 3729 759 3782 ει

176 3801 241 3860 ιρει,
269 3799 399 3873 quamvis
424 3796 563 3864 nolentes,
593 3796 644 3854 sibi
662 3802 757 3854 tamen

176 3863 263 3917 testes
287 3870 344 3920 sint
379 3867 528 3924 Dominum
558 3883 756 3938 resurrexisse,

176 3932 292 4014 etlnullo
305 3935 388 3992 modo
408 3954 448 3994 sic
464 3939 584 4010 positum
600 3939 687 4004 l'urari
706 3956 757 4014 po-

175 4007 260 4061 tuisse
282 4022 288 4061 :
308 4009 370 4065 Non
391 4016 430 4063 est
449 4015 520 4064 enim
537 4015 692 4080 consilium,
710 4029 757 4068 nec

175 4079 324 4148 sapientia,
340 4095 388 4133 nec
402 4083 540 4148 fortitudo
556 4091 650 4138 contro
665 4087 756 4139 ltomi'-

174 4163 249 4206 num.
278 4152 309 4206 ti
336 4157 412 4207 recle
433 4149 526 4207 inlati
544 4152 756 4211 locollominus

175 4221 351 4296 sepulturam
372 4239 453 4280 suam
477 4222 573 4297 elegit,
599 4227 647 4281 ubi
676 4224 756 4282 nulla

592 3577 703 3637 oniiuus
714 3598 760 3638 vo-

813 487 987 565 possibilitas
1010 487 1142 546 fodiendi
1158 495 1246 560 esset,
1261 499 1394 563 qnatenus

813 578 926 620 omnem
939 559 1120 619 occasionem
1138 562 1335 620 calumniandi
1348 567 1393 621 tu·

813 635 882 692 daeis
894 634 1031 704 auferret,
1045 649 1081 690 nc
1095 635 1183 704 inme,
1198 635 1221 691 si
1234 637 1263 692 in
1276 638 1395 693 macaria

812 705 1015 764 circumclusus
1030 709 1116 773 esset,
1133 707 1179 763 vel
1202 707 1332 790 quolibet
1347 726 1394 776 pe-

813 781 895 848 ricle,
918 775 1046 834 dicerent
1072 777 1124 851 ipsi
1146 778 1303 850 discipulos
1326 779 1394 837 illius

813 847 1394 921 iuratoseumluisse.Undellieronuniia:

815 943 829 975 ir
841 925 902 980 llon
914 921 1064 978 suffecerat
1078 921 1259 994 principibus
1271 923 1396 980 sacerdo

813 999 874 1052 tum
899 999 927 1050 ct
946 992 1051 1050 Scriliis
1073 1001 1102 1049 et
1119 993 1272 1050 Pharisaeis
1286 995 1396 1052 crucili-

812 1066 887 1124 xisse
896 1064 1046 1123 Dominum
1055 1065 1303 1135 Salvatoremmisi
1312 1066 1397 1138 sepul

813 1139 913 1195 chrum
928 1136 1112 1206 custodirent,
1127 1139 1276 1194 cohortem
1292 1154 1395 1210 accipe-

813 1215 888 1276 rent,
901 1215 929 1266 et
952 1215 1098 1280 signarent
1111 1209 1249 1282 lapidem,
1268 1219 1297 1266 et
1313 1226 1393 1282 quao-

813 1288 873 1338 tum
891 1279 993 1338 inillis
1010 1287 1063 1348 εει,
1081 1297 1197 1338 manum
1220 1289 1393 1363 opponerent

815 1355 973 1425 resurgenti
988 1369 995 1420 ;
1021 1353 1070 1409 sed
1087 1359 1116 1409 ut
1136 1352 1284 1425 diligentia
1300 1369 1394 1410 eoruiu

814 1433 919 1482 nostrae
933 1424 999 1480 lidai
1015 1425 1177 1496 proliceret,
1195 1426 1310 1496 quaudo
1325 1425 1394 1482 enini

814 1495 977 1570 diligentius
992 1501 1130 1564 servatur,
1147 1502 1226 1552 tanto
1244 1497 1337 1566 magis
1351 1499 1395 1552 lle

815 1567 957 1641 surgentis
972 1567 1061 1624 virtus
1072 1567 1241 1626 ostenditur.
1254 1591 1267 1616 ι
1281 1569 1359 1624 Unde
1371 1575 1396 1624 et

815 1643 1043 1711 chrysostomus:
1062 1660 1075 1692 n
1096 1641 1130 1696 Et
1151 1641 1178 1694 in
1193 1638 1349 1696 durissimo
1363 1641 1394 1696 la·

814 1711 879 1785 pide
903 1716 1129 1780 monumentum,
1152 1711 1244 1768 luerat
1267 1711 1395 1778 excisum,

814 1784 968 1858 etgrandis
982 1783 1053 1855 lapis
1063 1782 1171 1852 positus
1186 1788 1230 1839 εει
1239 1783 1278 1839 ad
1286 1782 1395 1854 ostium,

815 1861 844 1913 et
859 1856 983 1913 custodia
996 1854 1241 1927 poniturmilituin
1259 1853 1290 1911 in
1302 1854 1395 1911 circui

814 1934 864 1997 tu;
881 1933 911 1984 ut
927 1933 1034 2000 quanto
1049 1925 1150 1984 lortius
1164 1933 1297 1983 servatur
1312 1943 1347 1983 ne
1361 1927 1397 1983 lu·

814 2000 873 2057 rari
898 2003 1004 2072 posset,
1029 2003 1109 2054 tanin
1130 1998 1222 2070 magis
1245 2001 1339 2054 virtus
1353 1999 1398 2055 Dei

816 2077 953 2145 appareat
976 2085 1039 2127 cuni
1061 2069 1258 2126 resurrexerit.
1282 2071 1310 2126 Si
1325 2071 1399 2127 enim

816 2143 998 2214 sepulchrum
1022 2141 1120 2199 luisset
1139 2142 1169 2198 in
1195 2151 1285 2212 terra,
1310 2141 1399 2198 dicere

818 2214 1400 2288 poterant:Sulloileruniterram,etlurs

817 2288 840 2345 ti
852 2294 919 2345 sunt
933 2301 1008 2343 eum.
1024 2285 1052 2343 Si
1068 2285 1168 2342 luisset
1182 2285 1255 2358 lapis
1266 2286 1400 2414 garrulus

839 2359 938 2427 iisitus,
959 2357 1054 2414 dicere
1080 2363 1209 2427 poterant
1234 2375 1241 2413 :
1290 2359 1401 2414 arculus

817 2377 889 2504 iipis
905 2430 967 2496 luit,
981 2437 1010 2486 et
1021 2429 1229 2486 dormientibus
1245 2431 1341 2498 nobis,
1357 2435 1402 2485 tu-

819 2504 912 2561 lerunt
931 2519 1005 2560 eum.
1024 2521 1037 2553 ii
1053 2503 1086 2557 Et
1100 2501 1203 2558 iterum
1221 2522 1229 2560 :
1247 2523 1261 2554 c
1279 2501 1401 2573 Diiigea·

819 2578 859 2633 tia
883 2574 1045 2633 Scribarum
1065 2575 1182 2646 prodest
1196 2573 1264 2629 lldci
1287 2581 1400 2629 nostrae.

820 2649 946 2717 Servate,
961 2645 1107 2715 Pharisaei,
1122 2649 1243 2702 servate.
1259 2646 1337 2702 Deus
1356 2645 1401 2700 in-

819 2718 895 2776 cludi
911 2735 968 2776 non
992 2721 1094 2791 potest,
1109 2718 1183 2774 Deus
1204 2716 1234 2773 in
1250 2717 1401 2788 sepulchro

818 2791 909 2848 teneri
924 2807 981 2847 non
996 2795 1099 2862 potest,
1115 2787 1162 2860 qni
1178 2789 1245 2844 lecit
1259 2789 1364 2846 coeluui
1375 2793 1399 2843 et

819 2869 936 2932 terram,
951 2863 1030 2934 cujus
1050 2859 1079 2916 iu
1095 2859 1200 2933 pugillo
1213 2865 1294 2917 terra
1311 2867 1354 2916 est
1376 2867 1400 2914 et

819 2935 934 3004 coeluni,
948 2935 995 3016 qui
1007 2933 1143 3004 appendit
1157 2932 1297 2988 mundum
1311 2931 1341 2987 in
1356 2929 1399 2986 tri·

819 3007 873 3063 bus
883 3005 988 3077 digitis.
1006 3006 1058 3073 Qui
1073 3020 1139 3075 ergo
1158 3003 1298 3076 appendit
1317 3018 1400 3059 muu-

819 3078 898 3146 dum,
915 3093 971 3134 uno
986 3076 1136 3146 siipulcliro
1150 3091 1207 3131 non
1224 3081 1320 3148 potest
1338 3089 1398 3130 coo·

818 3149 914 3206 lineri.
931 3171 944 3202 ii
960 3149 1038 3206 Unde
1054 3147 1139 3204 etiam
1152 3149 1281 3204 Hilarius
1299 3165 1307 3204 ε
1324 3147 1400 3202 alle

818 3227 865 3278 ius
880 3221 990 3279 iurandi
1007 3219 1146 3292 corporis,
1156 3225 1185 3276 et
1198 3219 1343 3292 sepulchri
1359 3234 1398 3300 eu·

818 3293 911 3350 alodia
942 3301 971 3350 at
993 3309 1028 3350 ue
1066 3291 1243 3364 obsignatio,
1276 3292 1398 3348 stultitia

818 3371 904 3438 atque
925 3309 1101 3423 infidelitatis
1127 3361 1326 3444 testimonium
1351 3365 1398 3428 est,

818 3453 882 3494 cum
894 3441 971 3510 prius
987 3443 1127 3508 praecepto
1150 3436 1266 3491 Domini
1282 3446 1398 3512 conspe·

817 3507 923 3566 iissent
938 3508 974 3566 de
989 3508 1138 3580 sepulchro
1153 3511 1301 3562 mortuum
1317 3519 1398 3561 susci·

817 3587 908 3638 tatum
928 3603 934 3636 :
952 3598 966 3632 ii
983 3582 1043 3636 lraec
1058 3580 1194 3634 Hilarius.

855 3667 885 3724 ¹7
911 3653 1005 3710 Pinari
1028 3651 1203 3712 llanomsons
1222 3666 1350 3710 axsmnir
1370 3667 1398 3707 ri

816 3740 921 3780 osirns.
940 3723 1094 3779 -Pilatus
1113 3728 1208 3778 autem
1253 3723 1397 3790 raeilictus,

816 3795 996 3869 postmodum
1011 3793 1039 3850 in
1055 3792 1152 3876 multis
1167 3738 1397 3865 apuriliberiun

816 3869 988 3925 Caesarema
1005 3866 1112 3922 ludaeis
1124 3869 1285 3930 accusatus.
1299 3867 1396 3938 depor-

815 3945 890 3996 tatus
903 3944 947 4006 est
961 3937 990 3994 in
1005 3936 1134 3994 exsilium
1150 3938 1332 4008 Lugdunum,
1349 3952 1395 3994 un·

815 4011 850 4068 de
869 4017 931 4068 erat
951 4008 1099 4068 oriundus.
1120 4039 1154 4050 -
1175 4009 1304 4067 llcrodes
1325 4024 1394 4076 vero,

814 4082 862 4211 gui
879 4083 1022 4139 consensit
1039 4081 1129 4138 Pilato
1146 4078 1174 4136 in
1191 4097 1260 4137 neec
1279 4081 1394 4144 Domini,

834 4160 979 4227 eportatus
995 4158 1038 4210 est
1055 4152 1084 4208 in
1103 4151 1231 4210 exsilium
1249 4153 1393 4212 Viennam.

815 4235 843 4284 ei
859 4233 989 4283 mortuus
1004 4224 1042 4282 ibi
1058 4229 1111 4285 est.
