3124 5038
186 383 230 437 itt
529 375 685 432 secubitu
712 378 831 434 Plavis
858 376 960 432 etius
987 375 1075 432 lxxi

185 487 331 560 cussisque
345 484 481 543 vitiorum
506 483 647 554 tenebris,
665 485 702 543 ad
723 503 769 546 sa-

184 567 364 620 crosanctum
376 555 491 616 Domini
501 558 609 620 Corios
621 559 769 618 accedere.

184 635 255 692 Nam
270 637 299 689 ct
316 631 502 704 sepulchrum
517 627 591 685 illud
604 632 770 690 venerabile

186 706 308 778 figuram
324 703 464 760 Dominlci
495 699 596 758 altaris
623 702 721 774 habet,
742 706 771 761 in

186 793 244 850 quo
252 774 387 846 Corporis
397 776 460 846 ejus
472 778 501 856 et
515 772 671 844 Sanguinis
678 775 772 833 solent

186 851 322 922 mysteria
345 845 494 904 celebrari.
512 846 649 903 Aromata
663 854 771 918 autem,

187 937 251 994 quae
266 918 402 976 mulieres
418 917 562 986 delerent,
583 917 701 976 odorem
716 919 772 976 vir-

185 997 279 1050 tutum
294 995 323 1048 et
337 991 500 1046 orationum
515 987 696 1060 suavitatem,
711 989 772 1063 qni·

186 1065 241 1122 bus
256 1063 339 1120 altari
366 1059 598 1134 appropinquare
622 1061 771 1134 debemus,

188 1134 353 1208 signillcant
367 1151 375 1190 ι
390 1155 405 1184 »
422 1135 482 1190 haec
500 1134 585 1189 Dede.

223 1207 331 1275 5ουοτ
350 1221 431 1262 honis
454 1206 590 1262 'Canisrus
617 1222 715 1264 euenir
744 1223 772 1264 iri

188 1277 375 1336 monunnvro‘l
390 1309 424 1320 -
437 1275 537 1333 Mulier
549 1293 628 1350 ergo,
642 1294 705 1351 quae
717 1280 773 1362 pri·

188 1367 236 1409 ma
259 1349 311 1406 ivit
328 1350 365 1407 ad
385 1351 508 1422 culpam,
529 1354 557 1406 et
581 1366 656 1407 nunc
681 1366 773 1422 prima

188 1423 266 1480 venit
281 1422 444 1479 adveniam
460 1427 507 1490 ;et
525 1437 587 1492 quac
605 1421 698 1494 prima
711 1438 774 1504 per-

188 1494 287 1552 lldiarn
301 1493 423 1566 sumpsit
443 1495 471 1550 in
489 1492 635 1566 paradiso,
655 1495 773 1552 festinat

187 1582 266 1624 nunc
280 1565 374 1640 prima
388 1565 476 1622 iidem
492 1581 604 1622 sumere
619 1565 654 1622 de
669 1569 771 1639 sepul-

186 1641 274 1706 chro;
294 1642 323 1696 et
336 1637 378 1695 sic
394 1639 542 1694 contenuit
562 1639 597 1692 de
619 1643 712 1694 morte
727 1654 773 1695 re·

186 1725 254 1782 pere
267 1709 368 1776 vitam,
384 1724 449 1781 qnae
465 1707 534 1764 olim
552 1708 587 1764 de
603 1707 660 1765 vita
675 1709 772 1836 ”fuit

187 1785 319 1838 mortem.
341 1781 423 1847 Quod
439 1785 533 1835 eutem
552 1781 688 1837 Dominus
723 1781 774 1838 ilu-

187 1851 253 1910 culo
265 1851 398 1920 surrexit,
412 1849 479 1907 hnic
492 1849 635 1907 consentit
649 1856 774 1909 anctori-

186 1929 233 1981 tas
246 1921 305 1993 illa,
319 1938 384 1996 quae
398 1921 467 1978 dicit
483 1921 631 1980 Dominum
646 1924 774 1996 quadra-

149 2005 152 2011 ·
209 1995 271 2052 inte
285 1994 365 2052 horis
380 1993 467 2052 luisse
483 2003 639 2065 mortuum,
656 2002 684 2054 et
701 1997 774 2054 toti-

189 2013 257 2126 dem
277 2067 389 2135 diebus,
409 2073 476 2124 ante
494 2068 693 2125 ascensionem
708 2077 774 2198 plost

188 2140 219 2198 in
232 2144 311 2196 terra
326 2143 480 2207 moratum,
495 2139 700 2212 quiaqualuor

191 2211 232 2269 ris
248 2212 430 2280 Parasceves,
445 2216 473 2268 ei
489 2210 611 2284 triginta
629 2229 678 2270 sex
702 2213 773 2270 dua·

191 2299 255 2342 rum
267 2283 392 2340 noctium
405 2287 434 2340 et
445 2282 531 2340 unius
541 2283 613 2354 diei;
628 2285 705 2356 quod
723 2287 773 2343 llo-

192 2355 281 2414 clesia
293 2354 456 2412 consentire
472 2355 596 2424 videtur,
606 2371 669 2427 qnae
684 2363 773 2415 matu·

191 2426 268 2485 tinas
292 2426 392 2483 landes
420 2426 562 2494 celebrat,
590 2443 641 2497 pro
668 2427 773 2486 Christi

191 2497 420 2557 Resurrectione.
434 2497 514 2554 Unde
532 2501 629 2554 Petrus
651 2500 773 2558 Cantor:

191 2589 206 2626 n
224 2569 313 2628 Valde
327 2585 421 2634 mane,
436 2567 505 2625 dicit
531 2567 667 2627 diluculo.
693 2571 774 2630 Dilu-

191 2641 285 2700 culum
300 2639 377 2697 enirn
386 2645 430 2696 est
442 2638 519 2697 inter
533 2642 667 2699 tenebras
681 2643 773 2702 noctis

190 2718 219 2773 et
231 2712 287 2769 diei
311 2710 479 2780 claritatem,
496 2709 526 2767 in
543 2727 601 2784 qua
620 2714 699 2772 salus
713 2715 773 2773 hu-

189 2784 267 2844 mani
302 2783 397 2842 oneris
409 2782 484 2841 lelici
502 2782 647 2844 vicinitate
667 2803 773 2860 praeve·

188 2857 230 2914 nit
242 2855 271 2913 in
282 2801 413 2914 {eclesia
428 2855 612 2927 declaranda,
630 2874 710 2918 more
724 2877 771 2918 so·

187 2929 233 3000 lis,
249 2928 297 3002 qui
314 2927 443 3012 proilma
456 2929 520 2987 luce
533 2945 709 3005 consurgens
724 2949 771 2990 ro·

186 3017 264 3059 seam
282 3007 432 3074 premittit
446 3017 581 3059 auroram
598 3019 605 3058 τ
626 3011 657 3060 ut
674 3009 772 3063 lentus

187 3073 324 3147 splendor
338 3073 507 3146 praeparatis
522 3073 611 3131 oculis
627 3075 717 3147 possit
731 3077 771 3135 in·

116 3168 117 3171 ¹
189 3144 272 3216 tueri,
288 3145 402 3230 qnando
420 3157 532 3218 tempus
549 3146 703 3206 Dominicae
718 3151 772 3206 lle·

187 3217 371 3276 surrectionis
389 3216 492 3287 illuxit,
513 3222 544 3275 ut
567 3223 638 3276 tunc
663 3219 771 3281 scilicet

186 3289 321 3347 dulnculo
336 3289 436 3348 laudes
458 3288 563 3347 Christi
580 3295 640 3348 tota
654 3299 770 3352 caneret

736 2159 774 2198 0-

91 3357 95 3366 '
185 3362 345 3434 exemplum
356 3365 521 3420 sanctarum
536 3361 706 3422 feminarum
718 3367 768 3422 Ec-

184 3433 282 3503 clesia,
297 3433 412 3506 quondo
426 3449 517 3506 genus
536 3435 692 3492 humanum
715 3453 768 3494 ex-

184 3508 277 3578 emplo
296 3522 356 3564 suae
378 3505 606 3562 Resurrectionis
620 3506 766 3580 animavit,

181 3577 298 3705 fluendo
311 3577 399 3635 tidem
405 3575 553 3661 praestitit,
565 3581 593 3632 et
603 3578 699 3636 lumen
707 3595 767 3637 cre-

203 3647 310 3705 ulitatis
322 3648 435 3707 inludit.
454 3649 527 3722 llrgo
536 3647 667 3708 Christus
683 3667 766 3711 meuc

183 3725 213 3776 et
227 3721 319 3777 vicino
342 3726 407 3778 ortu
422 3719 489 3779 solis
512 3723 645 3790 surrexit,
663 3727 766 3781 secun-

826 485 897 543 lium
913 484 1028 542 montis.
1045 481 1157 542 Solutio
1185 485 1289 540 autem
1306 486 1424 540 contra-

828 557 939 616 rietatis
963 563 1018 626 est,
1038 555 1157 629 quodin
1175 560 1315 628 tempore
1331 557 1423 613 medio

827 629 1072 688 interdiluculum
1098 633 1126 684 et
1149 627 1285 684 mediam
1312 633 1424 686 noctem
1534 623 1535 662 ἒ

827 701 968 760 surrexit:
989 722 1002 756 t)
1020 702 1081 758 haec
1098 703 1200 757 Petrus
1217 700 1337 758 Cantor.

863 776 1095 844 dCooirnrioivns
1114 789 1274 838 eumenum,
1304 789 1361 830 ona
1375 790 1423 828 va·

828 863 911 904 uiuus
929 865 964 904 nn
988 861 1174 904 serenessimi.
1197 876 1237 888 -·
1252 845 1327 901 Dum
1357 861 1422 918 ergo

828 918 964 977 mulieres
976 919 1012 976 ad
1027 921 1252 975 monumentum
1263 921 1367 974 euntes
1377 933 1422 973 es·
1530 922 1535 941 ¹

828 999 892 1048 serit
906 999 986 1049 extra
1005 994 1117 1063 portam
1139 987 1291 1058 Civitatis,
1311 1004 1423 1046 rovoca-

828 1065 897 1121 bant
909 1064 945 1121 ed
961 1076 1129 1120 memoriam
1137 1059 1318 1117 alllictiones
1328 1065 1357 1118 et
1367 1077 1425 1133 pie·

829 1151 880 1192 nas
895 1134 938 1192 sui
948 1133 1074 1208 Magistri
1086 1143 1115 1190 et
1131 1131 1264 1200 Domini,
1274 1137 1306 1189 et
1320 1134 1349 1189 in
1363 1148 1423 1188 oni·

827 1206 913 1264 uibus
933 1207 1004 1263 locis
1022 1205 1053 1262 in
1073 1203 1177 1277 quibus
1196 1213 1306 1262 contra
1330 1203 1421 1275 ipsum

828 1278 995 1336 notabiliter
1007 1277 1114 1350 aliquid
1124 1277 1236 1334 iactum
1250 1279 1358 1338 luerat.
1374 1276 1423 1334 ali·

828 1349 1423 1422 quantulumsubslstehant,genuflecten-

827 1429 881 1492 tes,
900 1429 928 1480 et
944 1422 1104 1480 osculantes
1115 1427 1239 1490 terram,
1257 1420 1384 1492 gemitus
1395 1424 1423 1476 et

829 1495 952 1568 suspiria
965 1497 1077 1564 dantes,
1097 1497 1183 1565 alque
1200 1491 1354 1550 dicentes:
1375 1491 1422 1548 llic

828 1567 1003 1625 obviavimus
1028 1564 1054 1622 ei
1070 1580 1134 1622 cum
1156 1581 1246 1622 cruce
1264 1580 1353 1647 super
1361 1563 1421 1620 'col-

828 1640 898 1708 lum,
914 1638 1029 1710 quando
1045 1639 1135 1694 Mater
1150 1637 1215 1708 eius
1232 1643 1421 1693 semimortua

829 1710 903 1768 lacta
914 1717 972 1778 est;
984 1719 1013 1766 et
1024 1708 1105 1766 hicse
1116 1708 1203 1765 vertit
1213 1708 1252 1765 ad
1266 1707 1402 1764 mulieres
1413 1725 1420 1774 ;

829 1781 876 1840 hic
889 1797 1003 1840 crucem
1016 1779 1147 1852 deposuit
1158 1780 1314 1854 fatigatus,
1332 1786 1361 1836 et
1373 1795 1419 1836 su·

828 1870 880 1928 per
897 1854 951 1912 isto
976 1853 1069 1926 lapide
1092 1868 1123 1909 se
1149 1867 1310 1924 parumper
1331 1867 1419 1924 appo·

829 1925 938 1998 ‹liavit3
957 1924 1003 1984 hic
1021 1925 1073 1981 luit
1092 1922 1140 1982 ubi
1158 1923 1200 1981 sic
1217 1921 1380 1981 crudeliter
1394 1927 1419 1980 el

829 1998 943 2056 sortiter
957 2013 1021 2055 eum
1035 1996 1225 2069 impulerunt,
1247 2000 1281 2052 ut
1296 1993 1419 2052 velocius

829 2071 998 2139 ambularet,
1014 2072 1122 2127 etcum
1138 2067 1222 2140 quasi
1238 2083 1358 2125 currere
1371 2083 1419 2124 co·

829 2149 963 2214 egerunt;
980 2141 1026 2198 bic
1035 2140 1233 2213 spoliaverunt
1248 2155 1316 2197 eum
1332 2145 1361 2196 et
1373 2155 1418 2195 nu·

829 2215 978 2284 devorent,
999 2217 1028 2270 et
1041 2213 1086 2270 hic
1098 2227 1163 2270 eum
1175 2214 1274 2270 crucis
1291 2209 1416 2284 patibulo

829 2287 981 2345 affixerunt
994 2303 1001 2342 ι
1015 2289 1044 2342 et
1063 2289 1129 2341 tuno
1148 2300 1215 2341 cum
1233 2299 1341 2356 magno
1356 2282 1417 2339 cla-

829 2375 908 2416 more
918 2355 1415 2429 etinundationelacrymarumpro·

829 2431 955 2488 cidentes
976 2428 1006 2486 in
1021 2427 1106 2486 iacies
1125 2443 1191 2486 suas
1209 2429 1415 2497 adoraverunt,

830 2507 858 2558 et
871 2502 1006 2560 osculata
1022 2505 1088 2558 sunt
1101 2516 1229 2572 crucem,
1244 2502 1341 2558 adbuc
1355 2513 1415 2571 pre·

829 2573 902 2631 tioso
928 2572 1068 2646 sanguine
1091 2571 1281 2630 rubricatam.
1308 2569 1414 2630 Deinde

828 2651 987 2718 surgentes,
998 2651 1024 2702 et
1039 2660 1137 2702 versus
1145 2645 1335 2718 sepulchrum
1349 2657 1413 2700 eun·

828 2721 882 2786 tes,
898 2733 962 2774 cum
978 2733 1060 2775 sexus
1073 2715 1115 2774 sui
1135 2715 1325 2790 fragilitatem
1341 2730 1412 2771 con-

828 2788 998 2860 siderarent,
1015 2795 1043 2845 et
1066 2787 1296 2860 magnitudinem
1313 2784 1411 2859 lapidis

827 2856 1071 2933 recolerent,'qui
1096 2866 1154 2917 tarn
1176 2876 1301 2934 magmis
1328 2857 1411 2916 luisse

826 2934 927 3003 lentur,
943 2939 975 2990 ut
987 2931 1163 3003 vitaviginti
1172 2932 1341 2990 hominibus
1355 2944 1410 2986 mo·

827 3005 885 3062 veri
901 3009 1007 3079 posset,
1030 3005 1159 3061 dicebant
1174 3005 1212 3060 nd
1238 3007 1367 3071 inuicem,
1383 3004 1410 3058 el

826 3077 1020 3150 colloquentes
1029 3092 1060 3134 sc
1069 3081 1167 3133 mutuo
1178 3076 1407 3148 interrogabant,

825 3153 889 3222 qais
904 3151 1024 3207 revolvet
1042 3149 1121 3205 nobis
1138 3149 1262 3220 lapidem
1290 3147 1326 3204 ab
1342 3146 1407 3225 ostio

824 3225 1003 3292 monumenti,
1019 3225 1050 3278 ut
1078 3218 1187 3277 scillcet
1212 3222 1356 3294 possimus
1382 3229 1407 3271 in

825 3293 896 3350 illud
917 3287 1055 3366 ingredi?
1074 3293 1160 3361 Quasi
1176 3291 1330 3350 dicerent:
1348 3289 1406 3346 Non

823 3361 1234 3440 possumuspernosnietipsas
1243 3362 1403 3422 revolvere:

823 3441 893 3494 Erat
923 3441 971 3511 iilp
993 3437 1234 3507 emepousoelde.
1247 3436 1302 3496 Sed
1331 3446 1407 3492 uam·

822 3507 865 3566 vis
879 3455 949 3592 lazio
968 3455 1108 3580 licerent,
1122 3524 1181 3566 non
1195 3513 1294 3568 tamen
1362 3504 1403 3562 in·

821 3586 904 3666 cepto
915 3580 1017 3639 itinere
1027 3581 1187 3654 cessabant,
1197 3583 1347 3640 credentes
1356 3578 1404 3632 Do·

822 3668 899 3710 mino
924 3669 986 3712 esse
1003 3651 1150 3738 possibile,
1173 3653 1250 3725 quod
1273 3655 1402 3710 humane

820 3724 969 3798 fragilitati
988 3726 1139 3784 videbatur
1164 3723 1348 3798 impossihile.
1368 3721 1401 3776 st

180 3789 248 3848 dum
259 3793 458 3864 Aiigustinnm,
470 3795 518 3866 qui
531 3793 599 3852 dicit
612 3793 765 3854 Dominum
818 3800 996 3870 respicientes
1012 3797 1144 3854 viderunt
1164 3799 1318 3855 revolutum
1334 3793 1400 3866 lopi-

178 3867 289 3946 tanlum
306 3864 497 3938 qnadraginta
517 3867 597 3923 horis
622 3865 764 3939 quievisse
819 3870 891 3941 dem,
908 3885 965 3944 per*
973 3871 1123 3942 Angelum,
1135 3868 1183 3941 qui
1200 3871 1328 3942 praebens
1342 3867 1398 3922 Do-

178 3950 209 3990 in
224 3935 384 4020 sepulchro,
404 3941 483 3993 sexta
503 3937 575 3994 hora
592 3939 764 3998 Parasceves
819 3941 897 3998 mino
910 3959 962 4000 suo
975 3941 1156 4014 obsequium,
1167 3948 1285 3999 venerat
1297 3939 1332 3996 ad
1345 3950 1399 3994 iiia·

178 4021 295 4089 passum
309 4011 362 4089 ;·et
375 4013 417 4064 ita
442 4023 506 4065 cuin
531 4014 605 4068 esset
629 4011 764 4084 aequino-
819 4013 1014 4071 niiestandnm
1030 4012 1134 4072 Christi
1155 4011 1397 4072 Resurrectionem

178 4082 278 4162 otium,
296 4077 422 4162 diluculo
434 4081 584 4164 surrexit.
608 4084 629 4138 ll
651 4095 761 4156 contra,
814 4085 875 4158 jam
891 4087 1016 4156 lactam;
1033 4092 1063 4143 et
1076 4084 1171 4154 ipsum
1185 4086 1325 4168 Angelum
1344 4081 1395 4137 Do·

177 4152 367 4223 Hieronymus
387 4152 474 4222 dicit,
495 4154 647 4210 Dominum
665 4172 760 4214 surre·
821 4156 889 4214 mini
910 4159 1057 4216 sedentem
1082 4173 1168 4230 super
1183 4157 1306 4230 lapidem
1323 4157 1396 4209 extra

176 4221 250 4280 xisse
264 4223 359 4280 media
375 4228 478 4293 nocte3
500 4225 605 4297 legitur
625 4223 700 4283 e'nim
729 4229 760 4286 in

819 4235 1046 4287 monumentum.
1072 4231 1288 4286 Monumentum
1308 4224 1394 4298 potest

177 4295 652 4367 libroliidicum,tiincSamsoncm
663 4315 761 4372 espor·
816 4301 870 4359 dici
895 4301 1051 4373 Scriptura,
1067 4300 1096 4356 in
1112 4317 1169 4374 qua
1183 4301 1318 4358 Dominus
1330 4292 1393 4354 olim

178 4373 252 4424 lesse
269 4373 369 4441 portas
384 4369 466 4428 Gazae
482 4368 616 4442 usquein
631 4373 758 4443 superci-
812 4375 903 4448 iacuit
919 4372 1015 4431 moltis
1034 4367 1135 4446 ligulis
1150 4373 1321 4442 occultatum
1346 4361 1393 4422 scd
