2974 5040
168 406 209 458 lli
525 401 683 456 saturnu
708 401 827 457 llltrls
854 401 960 458 citur
989 403 1055 458 lxv

166 510 291 590 pcccatis
312 514 366 580 est,
386 507 530 567 Christum
556 508 587 566 in
607 525 690 566 cruce
708 508 753 567 di·

167 590 302 650 utentum,
318 586 457 655 quantum
472 581 502 638 in
516 597 545 638 se
558 585 611 650 ast,
626 581 754 638 vinculat

167 663 196 718 at
225 653 376 727 cruciligit,
405 659 521 727 peccata
548 653 624 710 enim
653 659 753 710 nostra

168 733 237 788 sunt
249 727 279 785 in
298 743 382 784 causa
398 726 474 799 quod
496 723 622 782 Christus
640 725 751 782 crucifi-

170 818 221 860 xus
236 803 289 858 est.
306 798 360 856 Sed
376 814 451 866 mox,
467 813 530 855 cum
546 813 597 870 per
612 796 754 866 poeniten·

167 873 238 932 tiam
253 871 290 929 ad
304 873 392 927 Deum
408 867 593 938 convertitur,
610 871 702 941 ipsum
717 869 753 926 de

169 960 252 1002 cruce
268 941 352 999 solvit
365 944 394 998 et
412 939 584 1024 deponit,·et
598 941 674 1023 inter
685 940 753 997 hra-

169 1015 234 1073 chia
246 1029 299 1071 sua
324 1029 388 1070 eum
403 1013 514 1086 recapit,
531 1016 601 1070 sicut
624 1013 689 1069 laert
701 1013 754 1070 Jo-

169 1087 251 1160 seph,
266 1082 315 1158 qui
330 1083 360 1142 in
374 1083 541 1158 deponendo
556 1083 698 1142 Christum
718 1083 753 1140 de

170 1173 265 1227 cruce,
280 1157 357 1214 intra
376 1155 492 1214 brachia
518 1171 569 1213 sua
583 1171 649 1212 eum
673 1170 752 1212 com-

171 1229 358 1302 plectebatur.
369 1227 460 1297 Unde,
471 1225 543 1284 sicut
553 1229 616 1300 quis
628 1227 753 1300 comple·

167 1305 247 1358 alens
265 1300 390 1372 aliquem
414 1301 489 1356 inter
509 1297 637 1368 brachia,
652 1305 754 1372 potens

169 1377 213 1430 est
225 1371 262 1430 de
274 1389 308 1430 eo
327 1372 421 1430 lacera
434 1369 571 1444 quidquid
584 1370 654 1440 vult,
669 1370 754 1428 maxi·

168 1460 215 1502 me
230 1444 253 1502 si
266 1443 337 1502 illud
356 1459 415 1502 non
430 1447 583 1516 repugnet;
599 1441 640 1525 sic
652 1457 755 1515 pecca-

169 1523 214 1574 tor
228 1532 383 1574 conversus
415 1531 446 1572 er
461 1514 668 1585 penitentiam,
686 1530 755 1571 con-

166 1589 311 1663 stringens
318 1588 378 1661 jam
389 1531 531 1644 inustum
543 1585 667 1643 brachiis
679 1601 755 1642 amo

169 1659 221 1730 ris,
233 1665 336 1733 potens
346 1664 389 1716 est
399 1659 433 1715 de
445 1675 489 1726 eo,
501 1658 598 1714 omnia
612 1672 755 1728 quaecuur·

168 1747 224 1802 que
234 1729 366 1797 voluerit,
379 1728 517 1786 obtinere.
531 1729 715 1799 Nequaquam
728 1742 756 1784 e·

170 1802 229 1857 nim
242 1801 369 1858 Christus
379 1805 519 1869 repugnat
531 1796 692 1870 poenitenti,
704 1797 755 1856 sed

168 1869 755 1956 paratiorestaddandumgratiam,quam

167 1947 222 2000 rste
236 1941 273 2000 ad
291 1941 497 2016 recipiendum.
518 1973 552 1983 -
574 1941 616 2000 Ad
641 1942 756 1998 contor-

168 2015 304 2072 mandum
324 2029 355 2072 sa
377 2011 443 2071 huic
467 2011 597 2084 articulo,
619 2013 756 2085 recogitet

168 2087 266 2156 homo,
281 2102 367 2215 quam
380 2085 563 2144 lamentabile
574 2086 679 2143 lactum
693 2087 754 2154 luit,

169 2161 246 2232 quod
260 2165 317 2217 tae
332 2174 436 2232 corpus
450 2156 600 2230 quoderat
614 2159 699 2227 Deus,
716 2156 756 2213 sic

168 2232 348 2290 tractabatur
362 2233 398 2288 ad
420 2230 537 2288 modum
553 2229 710 2296 cadaveris,
728 2232 757 2286 et

169 2305 246 2375 quod
257 2319 364 2360 corona
378 2301 486 2373 gloriae,
496 2301 586 2373 jacuit
602 2301 641 2356 sic
655 2299 757 2373 supina

170 2379 198 2431 et
216 2378 358 2446 prostrata
375 2373 405 2429 in
431 2378 527 2440 terra;
543 2373 655 2444 qualem
670 2372 756 2429 etiam

168 2445 314 2518 planctum
324 2448 392 2500 tuuc
404 2445 491 2500 Beata
501 2443 588 2568 Virgo
599 2443 698 2499 lecerit
712 2461 757 2500 su·

172 2531 339 2588 percorpus
353 2513 448 2570 dilecti
468 2521 496 2570 et
519 2513 610 2572 ducis
624 2513 685 2569 Filii
700 2513 755 2584 sui,

170 2586 214 2642 uel
239 2587 322 2655 alias,
351 2583 423 2641 sicut
454 2584 565 2641 dederit
596 2583 754 2643 meditanti.

169 2660 243 2726 lesu,
261 2659 310 2726 qui
328 2655 362 2710 de
380 2671 457 2712 cauce
473 2673 526 2713 uon
543 2655 624 2711 ciuus
641 2657 757 2714 descen-

169 2730 243 2798 dare,
259 2728 307 2784 sed
319 2732 442 2784 mortuus
461 2728 561 2802 deporta·
581 2729 704 2794 uoluisti,
726 2735 757 2786 ut

169 2801 203 2857 de
220 2805 306 2856 morte
319 2815 473 2870 resurgeres
496 2801 693 2857 coelectorum
712 2803 756 2858 tu-

169 2874 373 2943 tormotiouem,
387 2873 425 2928 da
436 2874 516 2943 mibi,
532 2873 566 2930 de
579 2889 656 2930 sucro
670 2875 757 2930 cltum·

172 2949 229 3013 tuo,
246 2961 278 3002 ce
292 2948 318 3002 si
330 2946 363 3001 de
383 2962 435 3001 nra
451 2948 549 3016 crucis,
566 2947 669 3018 eunus
680 2951 757 3002 tuum

170 3032 264 3072 cerum
290 3017 373 3087 digna
388 3020 535 3090 suscipere,
557 3022 582 3074 et
598 3023 629 3074 ut
654 3018 687 3073 de
706 3019 757 3074 buc

172 3103 259 3156 auce,
276 3105 358 3159 quum
374 3092 481 3162 suscepi
503 3093 533 3146 iu
554 3092 597 3146 tui
610 3092 758 3162 professio·

171 3176 232 3222 nem
247 3163 365 3231 seruitii,
380 3177 520 3234 quousque
534 3164 699 3231 cinerulenta
709 3161 756 3217 de·

169 3233 309 3303 scendum,
330 3233 379 3290 sect
402 3251 463 3291 cum
482 3235 536 3290 tibi
560 3235 698 3306 placuerit
721 3233 757 3288 ob

170 3305 220 3362 hoc
229 3307 388 3378 corpusculo
402 3311 523 3379 repetere
538 3309 660 3362 culmum
673 3320 757 3376 quom

170 3377 284 3442 dedisti,
298 3394 380 3444 nuuc,
394 3382 419 3434 te
433 3383 554 3448 vocante,
570 3378 603 3432 de
618 3393 696 3434 cruce
712 3377 758 3431 de-

167 3465 267 3521 ponor,
292 3453 328 3518 et,
358 3453 384 3504 te
408 3451 555 3518 invitante,
574 3448 613 3504 ad
634 3449 757 3518 requiem

169 3520 302 3592 paradisi
316 3519 462 3588 perducor.

205 3592 376 3647 5Pnaucrus
406 3607 438 3645 rr
462 3606 589 3646 nacnrua
603 3591 636 3646 B.
662 3591 758 3648 Maura

169 3677 297 3718 vracrurs.
315 3693 346 3702 -
362 3661 430 3718 Post
444 3661 569 3734 aliquam
581 3677 649 3719 vero
665 3677 758 3720 moru-

169 3731 237 3813 lam,
251 3738 333 3806 rogat
348 3734 453 3804 loseph
471 3732 631 3802 Dominam,
648 3741 678 3791 ut
692 3750 757 3806 per·

169 3808 264 3860 mittat
277 3820 380 3878 corpus
394 3805 508 3864 Domini
523 3822 612 3880 perun
635 3805 688 3864 'ac
703 3805 757 3864 lin·

169 3873 343 3932 teamiuihus
367 3877 471 3935 involvi
502 3888 530 3936 et
551 3823 677 3952 sepeiiri.
694 3879 759 3963 ipsa

167 3949 459 4030 veroucontendebat,
490 3950 588 4008 dicens
617 3974 624 4010 ι
652 3951 757 4019 Nolite,

167 4031 252 4075 amrcr
283 4033 349 4088 mer,
375 4025 432 4075 tam
464 4023 519 4079 cito
554 4023 623 4078 mihi
652 4021 756 4078 Filium

167 4104 262 4146 meum
276 4089 450 4159 aulerrc,vel
460 4107 505 4148 me
520 4109 616 4150 secum
625 4093 755 4166 sepelite.

166 4161 249 4220 illum
269 4161 361 4244 adhuc
373 4161 521 4245 paululum
533 4163 685 4237 relinquite
701 4167 756 4222 rni-

165 4235 207 4304 hi,
222 4239 255 4292 ut
268 4233 369 4292 lactem
391 4233 481 4306 ipsius
498 4233 609 4291 valeam
624 4241 756 4293 contem-

165 4305 249 4380 plari,
272 4303 442 4364 stridendo
463 4305 674 4379 aliquantulum
686 4306 757 4366 inde

167 4379 319 4440 consolari.
341 4377 384 4438 llll
404 4377 538 4466 volebant
557 4393 623 4438 eum
642 4378 758 4438 tradere

812 509 978 584 sepulturae,
993 515 1023 567 et
1043 509 1107 584 ipsa
1125 508 1242 568 volehm
1255 523 1331 567 eum
1344 509 1413 566 reti·

811 598 892 648 nere,
906 587 935 638 ct
949 582 990 639 sic
1005 589 1067 638 erat
1082 583 1146 638 haec
1161 581 1210 654 pia
1226 578 1263 638 lis
1277 587 1311 638 et
1328 583 1414 637 mise·

811 654 902 710 randa
917 652 1061 710 contentio
1076 653 1154 710 inter
1165 670 1225 710 cos.
1243 654 1353 712 Flebat
1368 651 1415 708 illa

811 724 944 798 lacrymis
957 723 1231 783 irremediabilibus.
1257 724 1361 794 ipsius
1374 725 1414 780 la·

811 813 972 870 orymarum
995 803 1076 854 muta
1099 799 1219 854 ubertas
1234 798 1366 864 lluebat,
1385 801 1414 852 nl

811 885 877 927 caro
896 885 962 926 cum
977 869 1078 942 spiritu
1093 868 1124 926 in
1149 868 1292 942 lacrymis
1307 866 1414 925 resolvi

810 946 969 1014 putaretur.
992 942 1113 1012 lligabat
1139 940 1280 1014 lacrymis
1309 938 1413 996 taciem

810 1017 840 1072 et
856 1012 1023 1070 exstinctum
1035 1011 1098 1070 Filii
1111 1011 1155 1070 sni
1171 1029 1296 1085 corpus,
1311 1018 1344 1069 et
1354 1027 1415 1084 per

811 1085 948 1142 fundebat
972 1084 1096 1156 undique
1115 1085 1218 1156 plagas
1233 1086 1317 1156 ejus.
1336 1083 1414 1156 Lapi-

811 1157 877 1214 dem
892 1171 1006 1228 quoque
1015 1171 1071 1228 quo
1083 1171 1186 1228 corpus
1200 1157 1267 1238 ejus
1283 1155 1413 1228 positum

812 1233 840 1286 ct
853 1227 976 1286 locatum
991 1228 1093 1298 luerat,
1108 1227 1246 1299 lacrymis
1257 1227 1414 1294 madebat,

812 1299 843 1356 iu
858 1315 914 1372 quo
929 1301 989 1374 ejus
1002 1299 1132 1370 lacryma
1149 1297 1247 1356 adhuc
1264 1314 1414 1372 apparere

812 1371 956 1438 dicuntur,
969 1369 1017 1444 qui
1031 1387 1107 1428 nunc
1122 1369 1152 1426 in
1164 1369 1309 1442 ingressu
1326 1371 1415 1427 ercle

812 1445 862 1500 siae
877 1443 972 1501 Sancti
986 1440 1131 1515 Sepulchri
1140 1458 1201 1498 esse
1214 1449 1413 1499 memoratur.

813 1514 893 1572 Lavit
906 1520 935 1572 et
949 1516 1030 1572 tersit
1043 1515 1160 1570 uulnera
1172 1513 1416 1585 ejuscruenlala,

814 1595 842 1645 et
856 1587 1038 1644 osculabatur
1049 1601 1094 1654 ea,
1109 1589 1138 1641 et
1158 1585 1261 1642 taciem
1276 1587 1352 1657 ejus
1367 1601 1417 1641 sa·

815 1659 1014 1716 arctissimam.
1029 1657 1192 1729 Aspiciehat
1204 1658 1339 1714 vulnera
1354 1673 1416 1713 cor-

834 1729 902 1800 oris,
918 1735 946 1787 ct
959 1729 1066 1786 vultum
1080 1729 1142 1802 ejus
1161 1734 1188 1785 et
1208 1733 1315 1801 caput,
1334 1727 1416 1784 vide·

814 1747 864 1860 Καὶ
884 1800 1030 1874 spinarum
1054 1805 1223 1884 puncturas,
1250 1799 1416 1870 depilatiu-

815 1872 1115 1942 nemharbae,iac1em
1133 1887 1166 1928 er
1183 1871 1277 1944 sputis
1302 1876 1338 1928 et
1352 1887 1416 1928 san-

815 1944 900 2016 guina
921 1944 1101 2016 deturpatam
1114 1961 1122 2013 ;
1137 1946 1167 2001 et
1185 1944 1219 1999 de
1244 1945 1290 1999 sic
1311 1942 1419 2028 aspici·

815 2016 888 2073 endo
913 2015 1051 2072 etflendo
1080 2031 1138 2072 uon
1162 2018 1277 2087 poterat
1296 2017 1415 2072 seuam.

814 2085 941 2160 Virginis
956 2087 1070 2144 dolores
1085 2085 1198 2143 narrari
1210 2102 1270 2142 non
1288 2091 1416 2157 pomum

815 2158 964 2230 quiamale
977 2156 1020 2214 illi
1033 2162 1106 2227 erat,
1115 2157 1189 2214 sicut
1200 2173 1263 2214 esse
1278 2163 1414 2229 poterat.

814 2233 849 2288 Et
859 2230 934 2302 idco,
943 2236 1064 2303 quantas
1072 2227 1308 2296 lamentationes,
1321 2229 1415 2288 ulula-

814 2305 870 2372 tus,
890 2301 1020 2375 planctus
1044 2305 1071 2358 et
1099 2303 1182 2358 tlelus
1210 2316 1303 2373 super
1336 2301 1413 2359 idem

815 2391 864 2431 cor
884 2391 917 2430 us
936 2371 1012 2430 unici
1035 2371 1099 2430 Filii
1128 2372 1171 2430 sui
1197 2377 1267 2429 tunc
1295 2372 1413 2440 lecerit,

814 2390 909 2504 variis
922 2444 1056 2516 explicari
1071 2461 1130 2501 non
1164 2448 1250 2500 osset.
1275 2443 1414 2502 Creden-

814 2517 882 2574 dum
897 2522 992 2573 tameu
1009 2523 1064 2585 est,
1079 2461 1162 2588 quoi
1169 2514 1412 2588 nullosplanctus

815 2587 1025 2646 irrationabiles
1042 2587 1151 2658 lecerit,
1163 2586 1229 2659 quia
1243 2585 1336 2643 dolor
1351 2589 1413 2659 ejns

815 2661 851 2718 ad
866 2659 1006 2718 rationem
1025 2659 1200 2732 superiorem
1218 2673 1277 2714 non
1296 2659 1413 2730 pertin·

814 2734 909 2806 gebat.
922 2730 1089 2804 llegdalena
1100 2747 1166 2788 uero
1176 2729 1264 2803 pedes
1277 2731 1411 2800 Domini,

815 2821 887 2876 quos
902 2803 958 2861 alia
982 2805 1044 2860 vice
1060 2802 1191 2875 lacrymis
1205 2803 1411 2873 compunctio·

815 2875 860 2933 nis
875 2874 989 2949 rigavit,
1005 2891 1081 2933 nunc
1105 2873 1193 2931 multo
1213 2873 1306 2946 magis
1324 2874 1412 2931 undis

816 2947 1005 3021 lacrymarum
1016 2945 1222 3018 compassionis
1235 2945 1264 3001 la
1300 2943 1410 3003 'terla-

816 3021 865 3076 rit.
892 3018 1054 3092 aspiciebat
1079 3017 1217 3090 pedessic
1239 3023 1411 3074 vuneratos

816 3096 844 3148 ct
856 3092 1027 3163 periuratos,
1042 3089 1199 3148 desiccatos
1209 3095 1238 3145 et
1249 3088 1412 3160 sanguino·

817 3163 920 3234 lentos,
936 3166 965 3219 et
991 3163 1079 3219 llehat
1096 3159 1286 3229 amarissime,
1301 3166 1335 3216 ct
1352 3177 1409 3230 pra

816 3233 915 3290 dolore
934 3233 1085 3291 videbatur
1111 3233 1250 3301 deficere3
1272 3231 1410 3288 similiter

816 3306 924 3362 ssebant
939 3305 1123 3362 vehementer
1140 3303 1242 3372 etalii,
1271 3319 1303 3359 uc
1318 3303 1409 3360 etiam

800 3375 916 3450 ‘angeli
931 3381 1086 3505 ssraesentes
1101 3374 1150 3432 ibi.
1172 3375 1251 3432 Unde
1272 3376 1410 3444 lucusti-

816 3465 868 3505 nua
882 3467 919 3504 :u
968 3446 1265 3520 quisAngclorumvel
1281 3447 1409 3503 Archan-

816 3522 945 3592 gelorum
962 3519 1020 3576 illic
1035 3535 1092 3576 nou
1108 3520 1243 3586 licuisset,
1263 3516 1312 3574 uhi
1335 3533 1407 3574 ron·

816 3597 861 3649 tra
878 3597 1022 3662 naturam,
1037 3596 1136 3648 auctor
1157 3593 1268 3646 natura
1287 3587 1405 3645 immor-

815 3662 879 3720 talis
904 3665 989 3732 Deus,
1007 3667 1136 3720 mortuus
1159 3663 1244 3718 homo
1265 3659 1407 3732 iaccbat?

815 3733 956 3792 Videbunt
969 3733 1072 3793 Christi
1086 3749 1191 3805 corpus
1202 3731 1245 3790 sic
1259 3731 1336 3789 male
1351 3737 1407 3786 tra·

816 3805 1405 3884 etatum‚abimpiissiclaceratumjacere,

816 3884 843 3935 et
859 3877 976 3936 Mariam
990 3885 1079 3934 totam
1099 3893 1149 3933 suo
1171 3881 1352 3934 cruentatam
1377 3889 1404 3930 ru

816 3967 919 4007 cruore
933 3949 973 4006 sic
987 3947 1168 4006 amarissime
1183 3949 1252 4005 llere
1263 3964 1270 4016 ;
1282 3955 1313 4004 et
1326 3945 1405 4002 nullo

816 4022 900 4079 modo
917 4037 982 4079 suas
1002 4021 1142 4092 lacrymas
1167 4023 1301 4092 poterant
1321 4020 1406 4074 relre·

816 4109 895 4151 nare.
909 4093 987 4152 Sicut
1001 4092 1076 4148 euim
1110 4091 1225 4148 ossibile
1238 4089 1303 4159 luit,
1318 4091 1404 4146 ileum

814 4181 866 4238 per
889 4169 1065 4235 assumptum
1090 4107 1240 4220 irominem
1265 4159 1350 4245 mori,
1367 4157 1405 4216 sic

834 4237 949 4297 ossibile
964 4235 1017 4294 luit
1026 4235 1149 4307 Angelos
1162 4235 1254 4293 bonos
1271 4250 1302 4290 in
1315 4235 1404 4289 morte

815 4253 928 4366 Bomini
947 4307 991 4366 sui
1016 4306 1114 4364 dolere
1135 4324 1142 4364 z
1162 4327 1177 4361 u
1195 4307 1258 4364 haec
1272 4305 1403 4374 dupun-

814 4395 877 4439 uus.
906 4379 1013 4455 Plange
1037 4393 1105 4452 ergo
1131 4385 1161 4437 et
1184 4383 1228 4449 tu,
1247 4375 1402 4442 carissime,
