3036 5042
219 376 260 435 ntt
286 381 450 438 lisstotttt
477 383 596 436 notttttl
623 381 832 446 distruunt,
860 381 892 438 lit
919 382 1098 440 dtlttttt.
1256 383 1271 436 5

59 482 127 568 yite,
138 487 168 569 in
182 503 236 558 quo
249 488 346 547 omnia
364 489 447 548 saluti
463 487 625 548 necessaria

58 564 239 616 inveniuntur.
260 559 311 617 llic
334 561 407 620 liber
430 562 466 620 de
494 560 626 619 omnihus

58 629 153 686 docens
161 631 262 689 mellea
270 632 394 704 quadam
406 633 557 691 dulcedine
567 648 627 705 per-

58 701 301 785 unctustsentitur.
320 704 406 775 retii,
421 705 471 777 qui
489 705 550 778 ejus
565 709 626 762 stii-

57 773 98 829 dio
111 789 214 832 seriose
229 773 361 847 intendit,
374 775 442 848 quia
456 777 485 833 in
500 781 627 834 contem·

56 848 101 914 plu
114 845 246 903 mundiet
259 845 290 903 in
308 863 406 905 amore
421 848 472 906 liei
485 847 626 918 proficiet,

56 922 266 996 sanctarumque
276 919 412 976 virtutum
424 935 458 976 ac
468 919 627 992 gratiarum

57 995 252 1068 incrementum
267 990 373 1047 sumetl
398 993 535 1048 Memoria
559 993 628 1048 Pas-

58 1058 136 1140 sionis
149 1059 251 1116 Christi
265 1061 350 1118 dehet
364 1061 427 1118 tleri
442 1079 500 1119 non
515 1063 629 1134 periun-

57 1132 145 1212 emite.
157 1147 207 1188 nec
216 1147 281 1188 cum
293 1132 395 1190 lestina
409 1135 628 1201 acceleratione,

57 1214 167 1258 maxime
180 1219 243 1260 cum
257 1209 369 1276 tempus
379 1203 471 1262 aderit
483 1203 629 1261 sussiciens

57 1277 82 1326 ot
98 1279 303 1345 opportunum
320 1276 370 1333 sed
388 1293 452 1333 cuin
473 1279 587 1333 matura
601 1282 629 1331 et

56 1358 161 1424 morosa
182 1361 215 1402 ac
242 1347 425 1430 praecordiali
453 1362 628 1404 rememora-

55 1417 134 1495 tione,
143 1421 171 1472 et
183 1417 272 1474 flebili
282 1421 406 1490 quadani
417 1418 627 1488 compassione.

55 1485 106 1541 Nisi
119 1487 193 1568 enini
221 1489 277 1546 hoc
301 1489 496 1572 dulcissimum
519 1489 628 1561 lignum

55 1555 179 1638 dentibus
192 1559 358 1618 affectuosa
373 1560 554 1621 discretionis
571 1577 630 1617 ma-

54 1633 176 1686 sticatum
190 1631 288 1699 tuerit,
305 1648 391 1704 sapor
404 1634 475 1705 ejus,
493 1631 558 1690 licet
573 1631 628 1688 im·

54 1713 171 1770 mensus,
190 1718 372 1774 nequaquam
392 1703 524 1761 movebit.
548 1703 629 1772 Quod

54 1769 100 1826 etsi
114 1772 225 1844 quidem
242 1775 315 1831 tlere
326 1791 389 1832 cum
405 1777 501 1844 tenta,
517 1783 567 1832 aut
581 1775 629 1830 do

54 1839 108 1898 lere
130 1857 192 1902 cum
207 1845 324 1903 dolente
345 1862 402 1903 non
417 1851 510 1916 potes;
527 1849 628 1903 saltem

54 1912 150 1995 aflectu
174 1917 277 1974 devote
304 1917 339 1973 de
368 1917 456 1975 tantis
483 1917 628 1975 heneiiciis

54 1985 99 2039 tilii
120 2002 170 2057 per
185 2004 249 2044 eain
268 1989 390 2060 gratuito
413 1987 544 2046 exhibitis
558 2005 628 2062 gau-

55 2052 116 2112 dere
132 2067 159 2113 et
171 2062 283 2132 gratias
298 2076 384 2132 agere
400 2061 495 2118 dehes.
511 2059 627 2128 Quodsi

55 2141 101 2210 nec
114 2129 216 2187 dilectu
231 2131 449 2202 compassionis.
466 2147 518 2188 nec
529 2137 627 2204 gratu·

54 2195 159 2257 lationis
172 2202 317 2260 desiderio
337 2203 472 2278 moveris,
490 2205 540 2260 sed
557 2203 629 2260 dura

53 2273 166 2395 gandam
187 2273 342 2332 allectione
360 2281 388 2331 te
414 2275 444 2332 in
459 2274 519 2346 eius
533 2291 628 2330 recor-

54 2351 159 2420 ·atione
174 2345 299 2417 deprimi
314 2345 422 2418 sentis;
443 2345 629 2402 nihilominus

54 2427 77 2467 in
90 2413 191 2474 duritia
212 2417 310 2474 cordis
325 2418 367 2474 tui
381 2419 416 2474 ad
432 2417 546 2474 laudeni
565 2416 628 2486 liei,

55 2488 212 2564 memoriam
232 2490 320 2560 hujus
346 2488 499 2546 salutiierae
515 2488 627 2544 Passio-

54 2569 93 2611 nis
102 2559 345 2632 qualitercumque
353 2575 498 2633 percurre,
512 2563 540 2616 et
552 2559 628 2632 quiid

53 2633 104 2683 ate
120 2631 225 2688 hahere
241 2648 300 2687 non
315 2638 405 2704 potes,
422 2630 511 2703 ipsius
531 2629 628 2688 mani-

54 2696 101 2780 hiia
117 2700 251 2772 piissimis
267 2703 422 2760 committe.
445 2706 562 2759 l’ercute
585 2702 629 2759 his

54 2768 164 2850 silicem,
179 2773 313 2832 videlicet
330 2773 480 2831 :interiori
498 2774 629 2830 recorda-

53 2847 133 2912 tione,
153 2849 182 2900 et
210 2845 354 2916 corporali
380 2844 567 2902 nihilominus
585 2844 628 2901 la-

54 2911 128 2982 bore,
145 2919 171 2997 te
191 2932 330 2973 exercens
355 2918 391 2973 ad
411 2917 555 2990 pietatem,
578 2932 630 2988 per

54 2989 245 3044 extensionem
258 3003 404 3055 manuum,
420 3003 470 3044 seu
482 2987 628 3044 oculorum

55 3054 87 3109 ad
111 3058 282 3114 crucifixum
312 3058 554 3126 sublevationem
585 3059 630 3115 rel

56 3127 170 3194 pectoris
185 3129 631 3202 tunsionemautgeuutleiiiones

54 3195 173 3277 devotas,
193 3217 246 3258 sen
268 3199 431 3273 disciplinas
457 3206 486 3257 et
503 3201 630 3284 tlagella·

54 3271 149 3340 tiones,
165 3272 210 3328 sel
229 3279 326 3330 cetera
340 3272 444 3330 similia
458 3273 572 3343 pietatis
587 3273 631 3329 ol·

54 3337 114 3397 ilcia
125 3343 331 3412 continuando,
346 3344 437 3400 doiiec
447 3343 632 3416 egrediantur

54 3425 129 3494 aquae
149 3417 340 3488 lacrymarum
356 3415 543 3488 largissimae3
559 3421 589 3472 ut
604 3419 633 3472 et

56 3489 121 3539 ratio
135 3485 214 3543 hibat
231 3486 390 3544 devotionis
408 3503 507 3559 aquas,
523 3491 552 3542 et
563 3502 633 3544 cor-

55 3568 103 3622 pus
115 3556 238 3614 animale
254 3559 316 3630 ejus
331 3557 506 3630 experientia
526 3573 633 3615 accen-

55 3639 112 3682 sum
126 3629 162 3684 ad
178 3633 302 3700 gratiam
314 3629 489 3687 habilitetur.

88 3701 103 3752 6
119 3699 252 3766 Ouarnon
267 3717 380 3758 sotumi
403 3719 418 3757 n
436 3701 545 3758 Camari
564 3702 634 3758 Piis-

56 3784 180 3826 sioss.-
191 3775 283 3830 Porio
298 3771 443 3830 Passionis
458 3771 562 3830 Christi
578 3775 633 3830 ire-

56 3847 185 3910 quenteln
199 3843 415 3902 meditationem
429 3843 505 3902 inter
519 3843 576 3900 alia
591 3843 633 3900 in-

57 3913 252 3994 numerabilia,
280 3918 316 3972 ad
345 3921 467 3988 quatuor
495 3915 635 3988 praecipue

57 3981 104 4038 tihi
118 3986 233 4042 noveris
250 3986 386 4058 prodesse
401 3985 514 4056 solatia,
531 3985 636 4043 videli-

57 4059 98 4109 cel
113 4079 119 4112 :
135 4057 170 4112 ad
184 4056 240 4114 tria
253 4057 419 4130 principalia
434 4058 512 4128 vitia,
528 4074 591 4130 quae
607 4057 635 4114 in

57 4127 158 4206 mundo
172 4135 253 4197 sunt,
272 4129 448 4200 repellenda3
465 4130 501 4186 ad
515 4130 635 4188 tribula-

59 4199 159 4254 tionem
170 4205 199 4254 et
209 4199 408 4271 poenitentiam
426 4199 613 4272 mitigandam
626 4217 634 4272 ;

59 4267 92 4322 ad
116 4268 263 4327 tristitiam
283 4270 474 4330 inordinatam
492 4272 636 4340 repellen-

60 4337 137 4410 dam;
155 4347 184 4398 et
197 4342 236 4398 ad
252 4357 366 4414 poenam
384 4343 540 4418 purgatorii
556 4343 636 4400 dimi-

682 489 838 548 nuendam.
850 519 884 532 —
898 490 938 546 De
949 486 1043 561 primo
1056 493 1135 562 patet
1146 487 1176 546 in
1186 489 1272 546 'lhre-

681 559 737 630 nis,
749 560 797 618 ubi
808 559 925 618 dicitur:
934 561 1086 618 Recordare
1091 563 1267 632 paupertatis

681 648 746 688 mea
757 638 783 688 et
796 635 1034 703 transgressionis,
1046 631 1208 704 vilitatis,et
1218 631 1269 688 iel·

682 703 728 762 lis.
744 702 978 776 Concupiscentia
993 719 1025 760 er
1045 703 1168 762 ocarnis
1181 703 1267 760 dohet

683 774 823 847 cruciligi,
853 791 905 858 pop
936 719 1066 833 Cruciliii
1098 773 1267 832 amaritudi-

682 863 763 916 nem;
785 846 1015 920 concupiscentia
1040 847 1199 916 oculorum,
1216 861 1267 916 per

683 919 744 990 ejus
756 923 969 990 paupertatem
984 933 1017 974 sii
1038 917 1203 986 erhiavitae,
1214 932 1266 990 per

683 991 745 1062 ejus
768 989 991 1046 vilificationem.
1018 933 1073 1046 ied
1105 986 1266 1062 voluptuosi

685 1060 898 1118 contrariantur
929 1059 1006 1117 cruci
1040 1060 1171 1131 Christi,
1200 1058 1268 1132 quia

685 1132 813 1190 Christus
836 1131 865 1188 in
890 1147 925 1189 ea
946 1131 1081 1190 sustinuit
1098 1129 1266 1190 amaritudi-

685 1203 862 1286 nem;·item,
879 1219 953 1260 vane
967 1204 1095 1276 gloriosi,
1109 1203 1177 1276 quia
1191 1203 1270 1260 Chii·

686 1281 746 1332 stus
768 1291 799 1331 in
829 1291 864 1332 ea
894 1273 1029 1331 sustinuit
1061 1273 1271 1346 ignominiam3

685 1345 764 1416 item,
780 1347 870 1414 avari,
888 1345 955 1419 quia
970 1345 1099 1404 Christus
1115 1349 1144 1402 in
1160 1361 1194 1404 ea
1211 1361 1269 1401 sus·

685 1418 770 1474 tinuit
789 1423 996 1490 paupertatem.
1018 1449 1054 1460 -
1080 1419 1120 1474 lle
1145 1416 1270 1474 secundo

686 1487 773 1546 etiam
785 1505 818 1546 eii
833 1490 887 1546 hoc
900 1493 1029 1562 apparet,
1039 1489 1107 1561 quia
1120 1487 1200 1546 cibus
1216 1485 1271 1544 ali-

686 1562 801 1632 quando
817 1561 852 1617 de
870 1577 900 1617 se
926 1559 1077 1632 insipidus,
1098 1575 1149 1632 per
1163 1560 1270 1616 salsam

686 1631 857 1714 appositam,
874 1632 917 1688 iet
933 1632 1146 1689 condimentum
1167 1632 1198 1688 iit
1219 1645 1271 1686 sa-

686 1703 788 1777 pidus;
804 1702 845 1760 sic
859 1703 1006 1761 tribulatio
1020 1709 1048 1760 et
1057 1701 1273 1776 poenitentiade

687 1791 717 1832 se
736 1783 804 1831 sunt
831 1774 964 1847 insipida,
984 1775 1034 1832 sed
1052 1775 1180 1858 apposita
1198 1773 1272 1830 salsa

688 1844 1271 1918 PassionisChristiqueluitumara,eill·

687 1917 801 1975 ciuntur
819 1917 913 1974 dulcia
927 1923 956 1974 et
970 1918 1080 1990 sapida.
1096 1949 1132 1960 -
1146 1915 1272 1974 Tertium

687 1995 794 2058 autem,
808 1989 916 2046 scilicet
931 1990 1052 2060 qualiter
1066 1988 1193 2046 dolorem
1207 1987 1272 2045 ani-

687 2060 726 2117 mi
740 2059 1067 2132 eipeltat,eiemplotihi
1083 2064 1272 2130 potiusquam

688 2133 774 2188 verbo
788 2132 965 2188 monstraho.
982 2133 1048 2188 Erat
1065 2145 1189 2200 namque
1205 2128 1270 2201 qui-

687 2203 764 2272 dam,
784 2217 869 2274 quem
897 2201 973 2258 circa
996 2200 1193 2258 conversionis
1212 2215 1272 2256 sue

687 2273 770 2330 initia
782 2273 912 2345 quadam
925 2271 1038 2329 tristitia
1053 2271 1216 2328 inordinata
1229 2271 1272 2327 le·

686 2345 783 2403 taliter
802 2343 958 2418 oppressit;
985 2343 1025 2401 ila
1044 2349 1076 2402 ut
1094 2359 1146 2400 nec
1163 2343 1269 2416 legero,

687 2434 740 2474 nec
763 2433 857 2486 orare,
875 2433 926 2472 nec
952 2416 1106 2488 quidquam
1134 2415 1202 2472 honi
1217 2429 1269 2487 pro

687 2493 756 2546 tunc
772 2489 979 2560 iacereposset.
991 2489 1043 2556 Qui
1059 2488 1128 2543 dum
1142 2485 1188 2542 die
1203 2501 1271 2558 qua·

687 2561 752 2616 dam
772 2559 802 2616 iu
820 2561 891 2616 cella
915 2557 1055 2627 residens,
1075 2557 1112 2614 ah
1130 2558 1184 2614 hac
1198 2572 1269 2628 pas-

686 2631 766 2688 sione
785 2631 911 2701 graviter
925 2635 1086 2702 urgeretur,
1103 2636 1132 2684 et
1146 2627 1270 2685 incredi-

687 2701 736 2760 hili
756 2701 854 2758 dolore
870 2703 1056 2772 aitligeretur,
1074 2701 1149 2757 lacta
1172 2699 1271 2756 estad
1381 2745 1383 2748 .

687 2789 752 2831 eum
767 2772 978 2845 desuperquasi
993 2789 1044 2829 voi
1060 2769 1271 2840 intellectualis,

688 2845 783 2902 dicens
801 2862 808 2900 :
823 2843 897 2913 Quid
912 2843 957 2900 hic
968 2845 1051 2900 sedes
1065 2843 1184 2910 otiosus,
1199 2850 1227 2899 et
1241 2841 1271 2898 in

686 2915 838 2988 temetipso
853 2915 1023 2972 tabescens?
1034 2916 1124 2986 Surge
1138 2929 1224 2982 nunc,
1241 2919 1270 2970 et

688 3003 781 3045 meam
798 2987 898 3044 devote
926 2989 1070 3058 pertracta
1092 2985 1269 3053 Passionem,

689 3067 718 3116 et
734 3058 762 3115 in
777 3057 967 3116 amaritudine
982 3064 1063 3115 tuum
1078 3056 1210 3113 devinces
1224 3055 1272 3112 do·

689 3125 1273 3197 loremouoauditoilleiratersurreiit,

690 3211 756 3258 etse
770 3200 807 3257 ad
816 3199 1009 3256 meditandum
1024 3199 1188 3255 Passionem
1205 3214 1273 3254 coii-

690 3271 765 3336 tulit,
774 3279 803 3328 et
817 3288 849 3328 eii
859 3275 927 3326 tunc
937 3270 1079 3328 medicina
1090 3271 1142 3326 hac
1156 3268 1272 3326 salutari

690 3349 817 3412 sanatus,
831 3357 881 3413 per
895 3343 957 3415 ejus
972 3339 1138 3398 continuam
1153 3340 1273 3412 replica·

690 3415 798 3473 tionem
811 3429 991 3486 nequaquam
1003 3413 1067 3485 plus
1082 3413 1118 3470 de
1127 3419 1222 3469 cetero
1234 3415 1274 3468 ta·

691 3487 747 3543 lem
756 3501 891 3557 umquam
900 3485 989 3542 sensit
999 3483 1087 3541 animi
1099 3483 1273 3558 passionem.

692 3589 726 3600 -
749 3559 888 3626 Quartum
910 3573 1002 3624 vero,
1026 3556 1135 3614 scilicet
1153 3556 1275 3627 qualiter

691 3630 754 3687 hec
768 3627 918 3686 utilissima
928 3627 1074 3685 meditatio
1084 3643 1274 3700 poenampur-

692 3699 796 3829 {atomi
805 3701 934 3757 relaxare
943 3700 1058 3767 haheat,
1066 3697 1117 3756 tihi
1129 3697 1274 3756 indicabo.

717 3789 735 3829 n
749 3776 850 3829 auctor
861 3775 972 3828 naturae
986 3770 1026 3826 nil
1040 3768 1234 3827 inordinatum
1246 3768 1276 3824 iii

693 3861 744 3900 sua
760 3847 861 3900 natura
875 3841 1022 3913 relinquit,
1039 3842 1090 3898 sed
1105 3857 1158 3898 nec
1180 3841 1278 3898 divina

689 3914 801 3988 justitia
815 3913 969 3985 quidquam
984 3911 1156 3984 impunitum
1175 3911 1277 3968 dimit—

692 3992 726 4042 tit
742 4003 749 4042 :
765 3987 841 4058 quod
864 4001 919 4040 non
937 3990 988 4041 aut
1002 3985 1058 4052 hic,
1075 3989 1124 4040 aut
1139 3983 1167 4040 in
1182 3985 1277 4058 luturo

693 4056 796 4114 dubita
809 4055 978 4112 correctioni
994 4055 1135 4129 subjiciat.
1158 4056 1277 4123 Quando

692 4129 781 4201 igitur
803 4133 887 4201 putas
928 4128 1005 4199 quod
1029 4126 1116 4184 llncm
1145 4128 1277 4183 habitura

694 4207 767 4257 esset
786 4214 871 4272 poeua
896 4197 1015 4272 alicujus
1044 4197 1212 4269 peccatoris,
1227 4195 1277 4323 gui

694 4269 791 4328 multis
818 4269 987 4328 crimiuihus
1015 4270 1153 4328 ohnoiius
1172 4284 1226 4324 cun
1247 4282 1277 4321 i-

695 4358 782 4414 gnam
819 4341 1041 4400 satisfactionem
1074 4357 1126 4413 pro
1150 4337 1278 4413 quolibet
