3036 5042
121 398 146 450 tl
474 396 630 452 subnuba
659 397 779 452 atatis
807 397 913 451 ciant
943 399 1000 454 titt

118 503 253 566 naturali.
272 501 500 563 contristabatur
516 502 602 562 etiarn
618 501 706 562 cbri—
759 502 838 561 dnm.
854 533 888 546 -
905 503 1040 573 Quintum
1062 501 1265 562 documentum
1286 505 1343 571 est,

120 583 190 640 stus.
205 577 361 634 secuudum
372 577 578 645 Hieronymum,
592 590 705 632 nouso-
760 575 837 646 quod
859 591 912 634 nos
926 591 1008 632 orara
1025 575 1154 634 volentes
1170 577 1282 643 devote,
1296 573 1345 632 de·

121 651 180 709 lum
193 651 294 706 timore
309 646 486 706 imminentis
496 647 605 714 mortis,
619 662 704 720 quam
760 647 861 704 bemus
880 647 1014 706 secedere
1033 648 1070 706 ab
1084 645 1250 706 homiuibus
1262 645 1299 704 ad
1314 661 1346 702 a·

122 723 184 796 ipsa
198 726 299 778 natura
313 721 449 778 abhorret
464 727 492 776 ct
512 726 638 788 reeusat;
654 718 705 776 sed
759 717 865 790 liquem
893 721 988 778 locum
1005 724 1157 789 secretum,
1173 718 1250 796 ,sicut
1276 717 1345 774 iecit

122 798 274 922 etproptar
286 789 705 860 intelli-itatemludae,etscan·
760 789 899 860 Christus,
921 793 992 850 daus
1011 791 1094 850 uirbis
1113 790 1283 862 exemplum.
1307 817 1343 831 -

122 866 157 922 da
172 879 218 922 um
232 859 448 937 discipulorum,
468 866 497 920 et
516 860 704 934 dejectionem
760 861 873 920 Sextum
897 867 951 932 est,
977 863 1054 935 quod
1078 879 1177 922 omnes
1198 858 1342 920 tristitias.

121 938 296 1002 Judaeornm,
309 933 524 992 eteversiouem
534 933 703 1002 Jerusalem,
759 933 966 1004 tribulationes,
980 949 1091 1008 poeuae,
1102 933 1300 998 adversitates,
1315 935 1345 988 et

122 1009 257 1066 misertus
271 1005 316 1063 bis
331 1013 360 1062 et
373 1021 548 1080 compassus.
562 1007 595 1061 Et
608 1021 706 1080 posen·
758 1004 940 1064 infirmitates
955 1012 1076 1074 nostras,
1090 1005 1201 1065 etiamsi
1215 1011 1345 1077 petamus

122 1095 188 1138 mus
202 1077 289 1138 etiarn
309 1076 416 1136 addere
432 1075 508 1150 qnod
526 1075 591 1134 ideo
608 1075 705 1134 trista·
759 1077 796 1136 ab
814 1079 855 1136 eis
882 1077 1010 1148 liberari,
1028 1078 1102 1136 sicul
1121 1077 1250 1138 Christus
1266 1075 1344 1144 lecit,

123 1151 217 1220 batur,
229 1147 297 1222 quia
309 1147 450 1218 prescivit
463 1149 541 1220 quod
557 1154 613 1206 tarn
629 1163 707 1206 acer·
760 1165 873 1220 semper
886 1155 950 1233 post
962 1149 1121 1208 orationem
1131 1149 1345 1206 committamus

122 1223 167 1282 bae
183 1219 322 1280 Passionis
336 1237 394 1304 suaej
414 1221 526 1306 flagella
545 1222 709 1302 etvuluern
759 1226 898 1280 voiuntan
909 1221 1074 1292 diriuae;ac
1083 1237 1135 1295 per
1144 1222 1209 1290 boc,
1217 1234 1345 1290 easque·

123 1299 152 1352 et
167 1309 243 1352 mors
259 1291 490 1362 amarissimam
505 1292 602 1350 multis
614 1291 708 1350 adbuc
761 1292 786 1351 si
805 1293 836 1350 iu
851 1310 900 1352 cor
909 1292 1014 1354 Christi
1028 1309 1214 1366 reponamus,
1229 1296 1345 1349 orantes

124 1364 210 1422 bodie
229 1363 339 1422 miseris
362 1369 391 1421 et
409 1363 558 1424 obstinatis
577 1370 707 1436 peccato·
762 1371 792 1423 ut
805 1363 867 1438 ipse
885 1382 934 1426 eas
954 1365 983 1423 in
1006 1368 1113 1425 unione
1126 1382 1186 1423 snae
1202 1359 1347 1422 Passionis

124 1435 204 1494 ribus
220 1433 351 1494 frustrari
362 1436 510 1496 deberent.
520 1467 555 1478 -
565 1435 707 1505 Secundo,
781 1437 901 1507 erliciat,
912 1442 941 1495 ot
955 1437 1073 1496 ollerrat
1086 1453 1135 1494 eas
1145 1439 1203 1496 lieo
1219 1432 1297 1492 Patri
1307 1431 1345 1490 ad

124 1507 278 1579 assumpsit
292 1523 427 1580 pavorem
447 1517 476 1566 at
497 1505 641 1565 tristitiam
654 1523 707 1580 pro
761 1453 875 1568 faustam
891 1515 920 1566 et
934 1509 1056 1581 gloriam
1077 1525 1170 1568 suam.
1193 1509 1227 1566 Et
1240 1521 1273 1562 ex
1289 1503 1346 1562 hoe

124 1579 358 1663 uobismernbrls
372 1582 442 1650 suis,
458 1584 490 1638 ut
507 1575 567 1662 ipse
594 1588 708 1636 nostras
763 1589 867 1639 nostrae
879 1581 1088 1650 tribulationes,
1098 1588 1184 1652 atque
1197 1579 1347 1652 passiones

124 1651 256 1710 tristitias
271 1667 339 1710 ruse
353 1651 491 1721 vinceret,
503 1656 575 1709 sieut
589 1656 618 1708 et
634 1665 708 1708 mor-
763 1653 882 1710 mullum
897 1652 1101 1712 nobilitantur:
1119 1667 1184 1710 uam
1197 1649 1346 1730 sieutPas·

124 1727 184 1782 tem
199 1727 327 1780 nostram
342 1739 396 1782 sua
407 1728 498 1782 morte
512 1721 668 1791 destruxit3
680 1728 710 1778 et
762 1725 805 1782 sio
822 1724 926 1782 Christi
943 1727 971 1782 iu
989 1725 1060 1782 coelo
1076 1729 1105 1782 et
1119 1725 1238 1780 interra
1252 1719 1349 1776 iusiur-

124 1794 197 1853 sicut
210 1791 336 1868 suscepit
352 1797 541 1854 tentationem
559 1799 587 1851 et
599 1792 708 1867 passio·
762 1801 823 1854 turn
847 1796 941 1854 attulit
960 1797 1105 1865 tructam
1132 1794 1173 1852 sie
1197 1807 1289 1866 poeum
1317 1794 1346 1848 et

123 1882 201 1936 nem,
218 1871 249 1924 ut
262 1882 315 1924 uos
329 1882 347 1926 a
360 1865 518 1924 tentatione
535 1871 563 1924 et
577 1863 708 1994 Eassione
763 1867 1155 1941 quaecumquetribulatioues
1165 1873 1279 1924 nostrae.
1291 1862 1346 1918 hoc

123 1939 268 2020 liberaret.
288 1969 320 1978 -
340 1935 433 1996 Tertio
450 1954 562 2021 quoque
598 1937 709 2019 ujusce·
764 1941 848 1996 modo
867 1939 979 1997 Cbristo
999 1938 1167 2006 commissa,
1193 1935 1223 1994 in
1238 1933 1345 1993 unione

123 2009 200 2068 modi
211 2023 345 2082 pavorem
356 2009 721 2079 ettristrtiaruassumpsrl,¹
764 2010 910 2070 Passionis
926 2028 995 2080 sum,
1009 2017 1068 2068 tam
1080 2009 1233 2068 fructiferae
1247 2007 1346 2072 eruut,

123 2080 205 2140 uobis
219 2080 249 2138 iu
264 2081 441 2155 exemplum,
456 2087 485 2140 ct
503 2079 534 2140 in
550 2079 709 2140 doctrinam
763 2089 795 2142 ut
808 2083 926 2155 Angelis
940 2082 970 2140 in
985 2083 1057 2140 coelo
1072 2080 1205 2154 gloriam,
1218 2081 1304 2161 justus
1316 2077 1345 2132 in

123 2153 272 2224 moralem,
289 2155 328 2211 uti
346 2155 483 2226 sequitur.
763 2154 1000 2223 terrismrrilum,
1011 2151 1208 2227 peecatoribus
1219 2163 1344 2216 veniam,

160 2231 247 2294 lanx
262 2243 422 2284 oocnuanrs
433 2244 553 2284 nomin
564 2245 598 2284 ux
612 2245 709 2286 misrr-
762 2227 917 2300 purgandis
935 2225 1084 2284 animabus
1103 2227 1251 2282 coiit'erant
1271 2221 1345 2303 rele-

125 2315 170 2356 rrn
189 2299 300 2366 Dantur,
325 2313 409 2356 acuns
428 2316 659 2356 concordationis
677 2315 709 2356 ur
763 2315 875 2357 namen.
890 2329 924 2342 -·
938 2299 969 2356 ln
981 2296 1165 2370 recogitando
1177 2294 1263 2352 istum
1274 2297 1346 2352 artr-

126 2386 236 2426 onauo.
252 2399 287 2412 -
303 2370 341 2426 Ex
352 2369 406 2426 hoe
421 2369 499 2428 enim
514 2370 645 2439 articulo,
660 2367 708 2441 qui
762 2373 857 2430 culum
867 2370 977 2428 studeat
987 2371 1072 2428 bomo
1082 2367 1265 2439 semetipsum
1275 2379 1346 2422 con·

125 2439 286 2568 estssaroris
298 2439 454 2498 ettrislitire
464 2443 633 2524 assumptio,
646 2441 709 2514 plu·
762 2445 876 2500 tristare
893 2457 957 2500 curn
973 2441 1136 2516 gemitibus,
1147 2435 1345 2511 compatiendo

124 2528 157 2570 ru
196 2509 316 2569 abemus
329 2510 509 2570 documenta.
524 2515 709 2582 Primumest,
763 2513 875 2574 cbristo
890 2515 926 2572 de
944 2530 995 2572 sua
1012 2513 1130 2571 tristitia
1156 2515 1271 2583 propter
1292 2521 1345 2564 nos

128 2587 160 2642 ut
172 2599 226 2640 uos
242 2581 370 2655 exemplo
392 2585 497 2640 Christi
512 2583 655 2642 discamus
667 2587 710 2642 ti-
763 2603 857 2644 assum
880 2591 922 2654 ta;
939 2593 978 2658 at,
993 2587 1017 2644 si
1031 2585 1060 2642 in
1072 2583 1170 2668 aliqua
1183 2579 1346 2640 turbatione

125 2669 220 2738 mores
232 2659 272 2736 'et
286 2653 416 2712 tristitias
428 2671 462 2713 ac
479 2655 625 2728 passiones
640 2657 710 2714 alias
763 2659 809 2718 rel
831 2602 1002 2716 adiersiute
1018 2657 1065 2726 sit,
1083 2661 1165 2713 norat
1182 2654 1261 2711 illam
1275 2665 1345 2734 'cnm

127 2743 158 2784 rn
171 2726 253 2784 nobis
261 2735 442 2797 insurgentes
450 2727 531 2784 lreno
541 2727 657 2786 rationis
667 2744 711 2786 co·
764 2729 880 2788 tristitia
898 2736 928 2788 et
946 2727 1165 2788 adversitatibus
1179 2724 1295 2793 curisti,
1315 2727 1347 2780 ut

126 2798 237 2868 bibere,
252 2813 289 2855 ne
301 2813 393 2870 usque
405 2800 442 2856 ad
461 2799 586 2858 animam
598 2799 712 2873 pertin-
765 2818 798 2860 en
808 2802 1046 2874 unioneipsarum
1060 2800 1234 2866 dulcescant,
1244 2801 1274 2854 et
1288 2797 1346 2877 lieo

127 2873 211 2944 gant3
232 2867 282 2928 sed
304 2867 334 2927 iu
357 2869 484 2928 interiori
506 2878 587 2944 parta
608 2871 712 2930 anime
765 2873 794 2931 iu
812 2889 924 2932 summa
937 2872 1074 2947 patientia
1093 2870 1251 2928 redoleant.
1265 2869 1349 2924 Dicat

126 2942 179 2999 eub
199 2939 352 2999 voluntatis
371 2941 491 3016 imperio
510 2942 713 3016 constringar·
765 2961 833 3018 ergo
848 2947 909 3004 haee
921 2947 964 3003 sel
981 2945 1026 3002 bis
1041 2943 1164 3002 similia:
1179 2943 1293 2998 Domine
1306 2939 1350 2995 Ja-

126 3017 183 3082 tur,
200 3017 231 3071 ut
245 3012 351 3070 dictum
366 3022 409 3071 est
424 3015 460 3072 de
474 3015 597 3072 Christo.
612 3045 647 3058 -
662 3017 711 3074 Se·
764 3034 798 3075 su
813 3020 928 3095 Gbrt‘ge,
943 3020 993 3090 qni
1004 3034 1054 3090 pro
1069 3032 1111 3072 ma
1125 3017 1224 3071 misero
1239 3011 1350 3069 tristari

127 3084 252 3144 eundum
271 3088 325 3155 est,
342 3091 374 3143 nt
394 3087 455 3160 ejus
474 3086 602 3158 exemplo
620 3085 711 3146 disca·
753 3093 909 3147 'etmoestus
921 3106 978 3148 ease
989 3091 1112 3155 notanti,
1124 3086 1243 3143 mmihi
1257 3096 1347 3138 mnes
1436 3087 1441 3096 '

127 3172 191 3214 mos
205 3173 258 3215 nos
272 3157 424 3230 desperare
440 3175 498 3218 non
512 3159 627 3228 debere,
643 3161 666 3218 si
680 3175 711 3217 a·
765 3166 897 3219 tristitias
912 3179 986 3220 meaa
1000 3162 1038 3218 ad
1053 3168 1079 3217 te
1089 3161 1196 3231 jugiter
1211 3155 1348 3226 napserim

125 3227 262 3311 liquando
274 3235 404 3300 surrepat
416 3230 543 3300 tristitia,
556 3231 651 3302 timor,
666 3231 711 3288 vel
765 3240 848 3306 tuque
862 3251 908 3292 aas
921 3237 1020 3291 unione
1039 3240 1092 3291 tna
1107 3230 1230 3290 tristitia
1245 3233 1369 3283 raecum·

146 3299 344 3384 usiliaoimitas
368 3301 398 3360 in
421 3301 558 3376 obsequio
577 3310 606 3362 et
624 3319 711 3376 opere
764 3307 887 3376 dipticas
901 3307 1025 3378 suffera.

157 3388 231 3430 vino.
246 3373 326 3432 Unde
337 3375 379 3432 ait
393 3376 566 3445 Augustinus
580 3394 615 3431 a«
629 3374 711 3432 blori·
799 3379 973 3450 bCanrsrus,
990 3395 1109 3436 uenimus
1125 3387 1285 3441 niscrruurs,
1303 3387 1348 3427 sn-

84 3509 86 3514 ,
126 3445 207 3502 turus
218 3446 348 3502 tristatus
357 3450 401 3504 est
409 3447 549 3516 Christus,
561 3451 589 3502 ut
597 3445 712 3504 doceret
764 3466 845 3507 onsru
869 3469 948 3508 onir.
968 3449 1126 3509 anaiade
1143 3445 1280 3505 Dominus
1293 3443 1348 3500 Je-

126 3515 266 3598 Martyres
281 3531 347 3574 suos
360 3533 417 3574 uon
427 3519 532 3576 debere
545 3517 709 3590 desperare,
764 3523 917 3580 suerolens
933 3538 964 3580 se
977 3523 1063 3580 etiarn
1078 3513 1348 3592 sequestrareatri·

124 3589 148 3646 si
162 3603 192 3644 ru
207 3588 279 3645 bora
291 3587 431 3660 passionis
441 3594 571 3662 surrepat
584 3589 709 3660 tristitia,
763 3594 817 3651 bus
832 3594 973 3667 apostolis
985 3609 1082 3651 secum
1097 3587 1261 3662 assumptis,
1276 3585 1347 3643 dixit

125 3675 212 3734 quam
238 3664 335 3718 lamen
358 3659 482 3719 vincant.
499 3682 515 3714 o
538 3691 567 3704 -
584 3661 709 3719 tertium
763 3664 820 3722 illis
840 3683 847 3721 :
867 3669 1007 3724 sustinete
1025 3668 1080 3736 bie,
1097 3659 1301 3735 exspectaud03
1320 3661 1347 3714 et

126 3737 181 3800 est,
197 3737 304 3814 ‚ulnus
320 3730 463 3791 discamus
480 3731 641 3792 contristari
659 3749 709 3804 pro
762 3738 879 3806 uigilata
890 3755 1005 3806 meeum,
1018 3753 1076 3795 nou
1091 3751 1155 3794 cnm
1170 3730 1285 3790 diabolo
1299 3729 1345 3813 yel

124 3804 521 3876 prourmrsetuecassitatibus
531 3821 641 3876 eorum,
658 3807 710 3862 sic·
763 3823 827 3866 cnm
843 3811 960 3879 mundo,
975 3817 1122 3880 umquam
1138 3804 1221 3863 amici
1234 3817 1343 3876 specia-

124 3873 292 3958 uthrisln's¹
302 3878 431 3936 tristatus
449 3877 512 3947 tuit,
524 3893 583 3934 non
600 3893 652 3951 pro
666 3893 707 3942 se,
763 3879 804 3938 les
819 3880 1070 3965 praeostensum
1088 3875 1237 3938 debentia
1253 3889 1344 3946 augu-

123 3948 172 4004 eed
184 3961 235 4030 pro
246 3947 321 4016 aliis,
333 3951 364 4004 nt
374 3947 480 4006 dictum
495 3953 537 4006 esl
552 3949 708 4007 secuudum
763 3951 826 4012 eliis
840 3952 973 4011 assistere
986 3952 1094 4011 amicis.
1116 3947 1259 4010 sustinete
1271 3961 1344 4018 pou·

123 4033 212 4075 nuum
224 4019 410 4078 intellectum.
426 4051 459 4062 ·-
474 4021 610 4089 Quartum
625 4021 710 4078 docu-
763 4023 817 4081 dus
839 4025 1016 4095 tentationis,
1032 4023 1183 4096 vigilantes
1204 4035 1222 4077 a
1243 4031 1344 4076 surnno

123 4095 250 4148 mentum
269 4095 322 4160 est,
341 4097 373 4150 ut
391 4093 518 4164 exemplo
542 4092 643 4151 Christi
662 4092 707 4150 di·
762 4095 952 4169 infidelitatis,
976 4103 1005 4155 et
1022 4103 1138 4169 torpore
1155 4091 1270 4155 mentis,
1295 4104 1344 4160 ue,

122 4161 708 4222 scamuslristidasetturbatioriesnostras
762 4167 930 4242 ingravante
955 4169 1080 4238 diabolo,
1105 4167 1225 4240 obrepat
1251 4159 1342 4220 robis.

121 4234 157 4292 ad
174 4235 263 4294 Deum
279 4249 342 4294 cnm
360 4235 489 4294 oratione
504 4235 621 4306 reterre,
637 4236 708 4294 sicut
763 4239 871 4298 Ceteris
886 4241 1001 4314 quidem
1012 4239 1085 4314 jussi
1098 4235 1258 4306 eedereibi,
1272 4247 1342 4306 qut·

121 4305 189 4366 iecit
202 4310 232 4366 et
245 4305 316 4382 ipse.
336 4309 404 4366 llam
420 4306 516 4366 statim
531 4313 562 4365 ut
575 4307 707 4366 dixerat:
762 4311 786 4370 si
802 4311 964 4386 interiores,
982 4315 1018 4372 ab
1033 4329 1127 4388 agone
1148 4310 1204 4369 isto
1225 4321 1343 4366 servans

125 4379 224 4438 mate
242 4383 283 4438 est
298 4381 393 4438 mmo
410 4395 481 4448 oreo,
497 4379 547 4436 isit
563 4379 600 4438 ad
617 4395 708 4437 orau-
763 4399 814 4442 eos
827 4395 963 4456 securost
980 4401 1031 4444 ros
1045 4389 1141 4444 autem
1155 4378 1236 4457 quael
1252 4378 1343 4436 tirmi-
