2974 5040
178 363 223 421 ιῦι
526 367 685 426 SRDUNDAE
712 372 831 428 atatis
858 371 961 427 clam
988 371 1072 426 txvt

178 489 273 542 onem,
284 481 315 534 ut
324 476 415 550 possit
423 475 518 536 dicere
528 493 591 535 cnm
603 478 747 552 Propheta
763 496 770 536 ι

827 483 882 549 cte,
902 476 971 534 dicit
984 479 1109 536 loannes
1130 474 1261 535 Dominae
1279 477 1357 548 qnod
1369 493 1404 534 ets

180 548 232 606 cor
245 565 332 606 meum
346 555 372 608 et
382 566 513 608 coromea
524 552 732 608 exsultaveruut
744 554 774 609 ιἰι
827 549 938 634 aspedit
947 551 1091 619 recedere,
1106 548 1175 622 quia
1189 555 1300 606 nonest
1313 565 1404 607 conse

154 622 263 695 ‚nam
283 624 382 680 oleum.

219 715 246 751 ιι
269 695 378 751 Faenus
404 715 569 756 snrnnrnna
598 698 713 754 Douma.
740 725 769 738 -·

180 765 359 836 Sepulturam
381 769 484 828 Christi
506 769 574 827 olim
602 767 655 826 itii
681 769 770 827 Jacob

179 836 446 920 praetlgurauerunt,
468 841 516 914 qni
535 842 654 898 tratrem
685 853 768 897 suum

179 908 770 990 losepbincisternammiserunt.-lianc

181 983 267 1062 etiam
279 981 367 1037 Jonas
383 983 588 1057 praefigurarit,
605 999 690 1054 quem
705 997 770 1056 pro

179 1055 285 1132 jectum
304 1051 341 1109 do
360 1055 425 1112 navi
447 1059 474 1112 in
493 1071 572 1112 mare
588 1061 667 1112 cetus
685 1056 768 1112 devo-

178 1127 262 1205 ravit.
277 1123 367 1206 lonas
380 1127 552 1200 luitpertres
560 1126 623 1184 dies
631 1131 659 1183 et
671 1134 769 1183 noctes

177 1207 205 1250 m
220 1199 293 1276 ceto,
310 1201 349 1253 ita
364 1197 494 1256 Christus
505 1199 558 1256 luit
569 1214 657 1272 usque
674 1199 711 1256 ad
721 1197 769 1255 tri-

178 1265 265 1322 duum
279 1281 309 1322 in
324 1276 517 1327 nionumento.

219 1356 249 1393 is
264 1337 392 1399 llsnonrc
417 1359 518 1400 serras
541 1359 669 1401 nonanus
686 1345 769 1400 Dour-

180 1424 307 1467 rncsumr.
334 1443 368 1456 —
390 1415 468 1472 Nunc
492 1429 558 1471 reco
581 1417 619 1471 ita
646 1415 769 1487 qualiter

181 1479 320 1565 meinus
347 1491 414 1542 tuus
438 1491 546 1558 septem
559 1429 640 1543 {oris
665 1486 768 1557 praedi·

182 1559 234 1608 ctis
248 1567 301 1636 pro
311 1560 339 1612 te
350 1572 453 1629 passus
466 1557 513 1625 sit,
522 1563 550 1614 et
559 1558 688 1616 ausculta
703 1573 768 1614 enm

182 1637 261 1704 quasi
283 1635 310 1682 te
334 1636 465 1684 moneret
491 1633 519 1684 et
542 1627 673 1685 diceret:
699 1631 769 1686 Cum

182 1709 274 1778 primo
289 1709 374 1754 nocte
399 1697 564 1766 surrexeris,
585 1700 620 1756 ob
639 1715 769 1756 reveren·

181 1772 249 1822 tiam
265 1766 341 1825 illius
356 1768 473 1840 amoris,
497 1785 553 1841 quo
577 1786 622 1828 me
645 1773 768 1828 vinctum

181 1837 286 1894 tradidi
298 1839 328 1897 in
341 1853 444 1900 manus
460 1845 600 1899 matorum
615 1847 643 1900 et
659 1859 715 1916 quo
731 1845 770 1901 ia·

180 1913 314 1994 ctussum
329 1913 467 1972 obediens
478 1929 566 1986 usque
579 1915 615 1972 ad
631 1921 768 1986 mortem;

181 1981 315 2056 disponas
334 1983 363 2042 in
382 1985 466 2043 corde
490 1992 539 2044 tua
558 1986 675 2044 obedire
697 1986 768 2043 velle

181 2054 457 2140 adomniaquaetibi
471 2060 671 2132 injunguntur.
689 2057 769 2116 Circa

183 2127 318 2197 Primam,
335 2133 371 2188 ob
387 2131 574 2189 reverentiam
591 2129 768 2202 humilitatis,

183 2214 238 2271 qua
249 2217 345 2258 coram
359 2201 478 2286 indigno
489 2203 585 2276 judice
596 2203 770 2274 velutagnus

185 2279 349 2330 mansuetus
364 2282 453 2342 stet1;
482 2273 617 2346 subjicias
641 2279 669 2330 te
691 2275 769 2330 omni

184 2347 320 2422 creaturae
335 2353 452 2426 propter
467 2359 523 2412 me,
547 2349 576 2400 et
596 2347 631 2400 ad
650 2361 770 2417 quaeque

183 2411 250 2467 vilra
263 2428 351 2484 opera
373 2431 412 2470 sis
425 2420 553 2486 paratus.
568 2415 609 2472 bd
633 2417 770 2486 Tertiam,

183 2481 219 2538 ob
229 2497 433 2554 amorem,quo
443 2501 496 2556 ego
505 2491 693 2554 contemptus,
706 2503 771 2543 con·

183 2557 293 2622 sputus,
318 2560 348 2611 et
371 2557 525 2627 opprobrio
550 2562 693 2613 saturatus
716 2557 770 2627 tui3

184 2621 304 2696 teipsum
321 2635 487 2683 contemnas
514 2633 543 2684 et
562 2625 728 2699 vilipendas,
744 2637 772 2686 et

185 2696 340 2824 opprobria
354 2701 504 2756 sustineas.
517 2699 558 2756 Ad
574 2699 696 2769 Sectam,
711 2717 772 2758 cru·

185 2783 208 2824 cr
233 2771 770 2850 qastrbrmuudum,teqaemundare-

185 2848 311 2913 cogrtans
326 2847 522 2915 qualiterego,
539 2843 669 2900 omnium
689 2845 772 2900 Crea-

184 2916 240 2994 tor,
255 2928 307 2985 pro
320 2930 418 2972 amore
428 2923 477 2972 tuo
493 2915 643 2972 crucifixus
656 2931 728 2985 sum,
743 2921 772 2972 et

183 2983 247 3065 idco
263 2986 359 3042 omnia
384 2985 563 3044 delectabilia
590 2986 689 3042 mundi
705 2995 772 3043 sunt

184 3055 235 3112 tabl
262 3059 343 3128 quasi
367 3074 436 3115 crus
461 3073 569 3115 amara.
589 3058 632 3116 Ad
648 3060 769 3128 Nonam,

183 3127 316 3212 mpriaris
331 3130 436 3188 mondo
466 3135 495 3187 et
521 3129 599 3188 omni
620 3137 769 3200 creature,

183 3199 292 3259 scilicet
305 3209 339 3260 ut
351 3219 450 3261 amara
460 3203 570 3260 morsin
587 3208 697 3259 tantum
707 3217 769 3259 cor-

181 3271 216 3330 de
231 3279 280 3332 tuo
301 3275 454 3344 dulcescat,
470 3279 502 3330 nt
520 3272 613 3330 omnis
640 3281 771 3331 creatura

185 3345 314 3418 desipiat.
326 3347 406 3404 Circa
416 3349 582 3417 vesperem,
593 3346 696 3417 quade
709 3361 771 3402 cru·

183 3431 215 3472 ce
229 3416 374 3486 depositus
398 3431 473 3484 sum,
489 3419 598 3472 recolas
621 3416 650 3472 in
666 3413 770 3489 gaudio

184 3486 315 3559 qualiter,
331 3492 397 3560 post
421 3491 542 3543 mortem
558 3491 586 3543 et
610 3502 709 3543 amoos
732 3489 771 3545 ia·

183 3557 267 3615 bores
280 3563 354 3630 tuos,
378 3558 451 3615 iolici
467 3557 565 3629 requie
592 3559 727 3630 pausabis
741 3560 769 3617 in

182 3627 245 3712 sinu
261 3646 334 3688 meo.
356 3631 396 3689 td
411 3629 643 3703 completorium,
659 3646 771 3688 memor

182 3714 222 3756 sis
240 3701 354 3760 unionis
373 3703 458 3773 illins,
483 3717 539 3775 qua
559 3701 676 3776 spiritus
697 3719 770 3760 unus

184 3787 295 3829 mecum
321 3775 448 3842 effectus,
474 3775 583 3848 meipso
610 3773 640 3832 iu
659 3791 771 3832 summa

185 3843 357 3926 experientia
373 3846 544 3918 perfrueris;
563 3861 626 3918 quae
641 3847 710 3904 unio
723 3845 770 3904 hic

185 3915 769 3990 muraincipitparsoluntatismeaeettuae

184 3985 366 4044 concordiam
378 3991 405 4044 in
417 3988 560 4057 omnibus,
574 3997 630 4045 tam
642 3989 770 4046 actversis

182 4071 267 4130 quam
284 4059 436 4130 prosperis,
452 4065 481 4115 et
493 4059 521 4115 in
534 4061 629 4117 tuturo
642 4061 768 4131 comple·

181 4129 262 4189 bitur
268 4145 327 4260 ger
345 4137 482 4188 eternam
497 4130 618 4203 gloriam
635 4134 662 4187 in
678 4131 767 4189 ecelis.

221 4207 253 4260 ad
294 4249 299 4261 .
317 4205 408 4260 ιιιιιι
427 4203 525 4270 Vrnso,
541 4219 682 4265 rossensis
697 4219 768 4259 cau-

182 4289 233 4331 cau
247 4289 391 4347 manavir,
408 4289 502 4332 unsri
516 4291 628 4330 nscsurr
645 4292 664 4330 ι
678 4290 768 4331 ιοιι-

180 4361 280 4406 usuro.
297 4379 332 4392 -
343 4349 598 4422 appropinquante
610 4351 705 4404 anum
714 4361 763 4404 no·

826 639 908 679 niens
920 621 959 680 ibi
974 621 1090 691 morari,
1105 621 1150 678 vel
1167 621 1203 678 de
1223 627 1310 677 nocte
1324 621 1404 678 adci-

825 693 941 752 vitatem
965 693 1069 751 redire.
1084 697 1161 750 Tunc
1185 691 1312 750 Domina
1329 699 1403 766 prout

825 772 928 838 potest,
952 765 1052 838 surgit,
1077 765 1166 822 etad
1191 769 1404 821 monumentum

823 835 998 966 genuflectit,
1013 841 1041 893 et
1055 837 1147 910 ipsum
1168 835 1357 910 amplectitur
1374 852 1402 892 sc

844 908 975 966 cnedicit.
989 910 1059 966 Nam
1086 907 1213 965 cruciata
1239 906 1402 980 gemitibus,

822 981 941 1054 fatigata
957 979 1113 1048 doloribus,
1122 980 1228 1036 atilicta
1237 978 1403 1051 ploratibus.

823 1051 959 1123 nequibat
971 1055 1046 1108 stare
1061 1050 1193 1123 pedibus.
1206 1049 1403 1108 tamensim

809 1127 944 1197 poterat,
960 1139 977 1180 a
992 1122 1158 1180 mulieribus
1174 1125 1283 1178 sanctis
1298 1122 1401 1193 adium

822 1196 931 1253 cunctis
953 1193 1129 1268 plorantibus
1154 1195 1242 1251 simul
1271 1209 1338 1251 cnm
1364 1211 1401 1257 ec,

822 1265 1059 1340 coepitrecederc.
1071 1268 1140 1322 Cum
1156 1273 1256 1322 autem
1271 1273 1404 1322 venerunt

822 1340 857 1396 ad
873 1355 997 1406 crucem,
1006 1337 1043 1395 ibi
1056 1336 1116 1410 ipsa
1130 1335 1405 1419 peonitentiam

823 1427 884 1468 cem
904 1409 1032 1468 adoravit
1042 1429 1048 1476 ;
1059 1407 1191 1466 similiter
1203 1415 1235 1466 et
1251 1424 1355 1466 omnes
1368 1409 1401 1464 le·

823 1489 930 1540 cerunt.
944 1483 1075 1554 Cogitate
1086 1496 1212 1552 namque
1222 1484 1319 1552 potes,
1334 1479 1402 1551 quad

822 1553 885 1624 ipsa
896 1553 947 1610 luit
960 1553 1124 1626 primaquae
1141 1567 1257 1609 crucem
1267 1553 1402 1617 adoravit

823 1625 895 1682 sicut
905 1631 934 1682 et
944 1628 1104 1696 primaque
1116 1623 1217 1680 Filium
1230 1629 1335 1682 natum
1345 1623 1404 1679 ado·

823 1695 905 1754 ravit.
925 1700 989 1754 llaec
1011 1701 1106 1753 autem
1125 1701 1224 1752 sancta
1247 1711 1330 1759 crus,
1349 1701 1405 1766 post

824 1767 987 1826 Passionem
1007 1773 1037 1826 et
1051 1769 1302 1825 Resurrectionem
1318 1765 1404 1824 Domi»

824 1839 851 1897 ni
867 1857 919 1914 per
936 1839 1064 1910 ladasca,
1080 1855 1143 1896 cum
1167 1837 1303 1895 crucibus
1316 1839 1403 1894 latro-

824 1929 902 1980 num,
921 1913 973 1969 sub
992 1917 1088 1968 monte
1108 1909 1247 1968 calvariae
1267 1909 1403 1982 protunda

824 1985 876 2041 sub
891 1989 970 2042 terra
985 1982 1151 2040 abscondita
1163 1982 1226 2054 tuit,
1238 1981 1289 2038 ubi
1305 1981 1405 2041 (lucen

823 2055 860 2112 tis
873 2054 955 2112 annis
966 2059 995 2112 et
1008 2053 1140 2127 amplius,
1150 2069 1242 2124 usque
1252 2054 1293 2110 ad
1304 2060 1405 2124 tempo

824 2143 857 2184 ra
866 2127 1045 2186 Constantini
1063 2131 1091 2183 et
1108 2127 1224 2182 llelenae
1239 2125 1344 2193 laturt;
1361 2125 1404 2181 ssd

825 2198 1065 2271 Helenainlapide
1075 2197 1229 2280 plusquam
1239 2196 1407 2270 uigintipas·

823 2270 901 2328 sibus
913 2271 1010 2326 fodere
1023 2270 1138 2337 iaciens,
1149 2283 1228 2340 ipsas
1242 2274 1304 2325 tres
1315 2283 1405 2324 cruce

824 2341 941 2412 invenit,
956 2341 1060 2414 quibus
1074 2339 1202 2405 sublatis,
1224 2355 1341 2397 crucem
1356 2341 1404 2396 oo

825 2413 895 2470 utini
921 2413 958 2470 ab
986 2411 1060 2482 aliis,
1088 2411 1169 2484 signo
1191 2411 1406 2468 resurrectionis

825 2484 931 2542 mortui
941 2483 1071 2557 probauit
1083 2493 1110 2541 et
1126 2482 1272 2541 discrevit.
1290 2485 1406 2554 lpsean·

826 2563 883 2614 tem
907 2557 984 2613 locus
998 2554 1028 2613 iu
1048 2573 1104 2628 quo
1119 2571 1187 2612 crux
1213 2554 1334 2612 inventa
1357 2559 1405 2618 cst,

827 2627 913 2685 distat
926 2627 1013 2685 aloco
1026 2627 1160 2686 Calcaria
1168 2627 1269 2683 decem
1278 2627 1405 2704 pedibus.

828 2715 925 2756 versus
953 2699 1097 2757 Orientem
1122 2698 1336 2767 descendendo,
1364 2697 1405 2752 nbi

825 2769 854 2827 in
863 2771 983 2828 ecclesia
997 2771 1195 2842 quaecontinet
1208 2775 1338 2826 moinum
1351 2767 1405 2826 Cal·

826 2845 921 2908 variae,
943 2849 986 2900 est
1005 2848 1104 2915 crypta
1118 2841 1272 2914 protunda,
1294 2843 1405 2896 interior

825 2915 987 2986 pavimento
998 2913 1189 2986 qnadraginta
1200 2911 1351 2984 gradibus,
1366 2909 1403 2966 ιιι

826 2985 918 3056 circa;
934 2991 963 3044 et
977 2992 1045 3043 sunt
1062 2985 1099 3043 ibi
1114 2991 1240 3057 quatuor
1255 2983 1402 3062 columne,

824 3073 889 3128 quae
904 3057 1037 3116 dicuntur
1051 3063 1172 3114 mortem
1185 3053 1301 3113 Domini
1318 3055 1404 3112 Deus

824 3145 865 3187 se.
876 3129 982 3188 Deinde
996 3129 1132 3187 recedunt
1142 3144 1240 3185 versus
1254 3125 1403 3188 civitatem,

825 3207 853 3258 et
866 3217 919 3274 per
935 3204 1009 3259 viam
1028 3217 1102 3274 sepe
1120 3201 1245 3258 Domina
1260 3215 1292 3255 se
1314 3203 1403 3254 verte·

825 3274 874 3331 bat
886 3278 973 3343 retro,
997 3272 1139 3356 aspiciens
1155 3287 1205 3341 por
1226 3266 1402 3351 compassio-

826 3360 901 3402 nem.
918 3345 1093 3402 intrantibus
1116 3349 1211 3400 autcm
1228 3341 1287 3398 illis
1303 3349 1402 3418 cisrts7

825 3421 894 3486 tem,
915 3415 996 3472 multi
1014 3415 1144 3472 videntes
1160 3413 1324 3482 Dominam,
1338 3415 1400 3468 mou

826 3487 930 3560 pietate
940 3503 1026 3560 snper
1037 3486 1113 3544 illius
1127 3485 1238 3554 dolore,
1250 3489 1289 3542 ad
1298 3485 1400 3542 luctum

825 3560 1063 3617 convertebantur
1076 3573 1222 3626 amerum;
1238 3565 1268 3612 et
1286 3569 1401 3613 concur·

825 3635 891 3688 runt
905 3630 1030 3702 undique
1042 3631 1125 3688 bonae
1138 3637 1291 3695 matronas,
1308 3634 1337 3685 et
1350 3627 1402 3680 ιιι-

825 3702 905 3774 gines
920 3703 1100 3760 ambulantes
1120 3705 1183 3771 post
1197 3699 1300 3773 ipsam,
1313 3703 1342 3755 et
1356 3710 1403 3752 as-

825 3774 964 3831 sociantes
979 3788 1042 3831 eam
1056 3789 1106 3844 per
1117 3771 1203 3840 viam,
1219 3779 1248 3828 et
1260 3769 1403 3827 consolau-

825 3854 879 3914 tes,
893 3845 1025 3903 ucetiam
1051 3844 1240 3902 lamentantes
1255 3856 1332 3899 eam.
1353 3835 1403 3896 Sed

824 3924 853 3974 et
867 3916 934 3974 boni
946 3915 1086 3986 homines,
1099 3931 1150 3998 poc
1164 3930 1235 3986 quos
1254 3911 1404 3976 transibat,

824 3988 1071 4060 compatiebantur
1086 3988 1189 4056 erdem,
1203 3991 1232 4043 et
1247 3985 1405 4041 moveban-

824 4065 870 4117 tur
884 4061 919 4116 ad
942 4061 1049 4116 tletum.
1075 4058 1204 4129 Undique
1227 4057 1260 4112 ιιι
1282 4056 1407 4128 ploratus

824 4137 989 4258 mafnuset
1009 4130 1110 4188 luctus.
1138 4131 1209 4186 Nam
1235 4128 1320 4210 dolor
1348 4127 1407 4198 ejus

823 4219 871 4260 mu
885 4211 929 4260 tos
950 4201 1073 4260 iaciebat
1088 4201 1228 4260 dolentes.
1245 4201 1297 4256 Vra
1311 4198 1407 4268 lacry-

823 4289 887 4332 mas
912 4272 1059 4331 continere
1075 4279 1220 4346 poterant,
1256 4270 1353 4328 uicum
1375 4282 1407 4324 ue

825 4361 888 4404 eam
908 4346 1068 4420 plorantem
1090 4343 1236 4402 videbant.
1278 4285 1407 4400 'ebetiu-
