2974 5040
156 321 203 376 188
495 315 657 372 SRCUNM
683 317 806 374 illim
831 317 935 373 citur
963 315 1047 370 lixi!

159 427 251 484 stianit
264 443 274 480 s
289 441 305 476 ι
320 419 382 490 llle,
399 421 503 494 inquit,
518 424 636 496 sanguis
653 425 686 483 in
700 442 747 484 re·
801 424 837 482 etl
851 440 901 482 cor
914 420 1032 491 Christi,
1049 437 1084 480 ao
1108 419 1262 493 recolligat
1281 437 1392 479 onos·

160 495 325 556 missionem
341 495 697 568 iususestpeccatorum;
718 514 748 555 a·
801 511 928 554 amorem
945 509 1040 562 suum,
1056 497 1086 550 et
1111 491 1339 550 couniatsmori
1352 493 1392 549 n·
1462 487 1463 512 ¹

161 585 217 643 qua
232 567 281 625 ilia
295 565 420 624 salutm
441 571 583 640 temperat
601 569 747 644 poculum.
801 569 879 637 vino,
894 565 1067 624 resolvendo
1080 564 1111 622 io
1125 572 1226 622 mente
1241 581 1299 622 sua
1312 565 1393 622 docu-

162 641 225 700 hiec
250 639 392 697 lavacrum
412 644 529 712 praestit
549 645 579 698 et
606 647 712 712 potum.
732 662 747 696 n
802 647 899 698 menta
910 637 1068 712 praemissa.
1082 639 1160 694 Reno
1181 635 1339 694 ‘tetetiam
1352 638 1394 692 bo·

164 715 223 772 lloc
237 711 456 785 prenuntiabat,
473 712 549 784 quod
563 713 621 770 Noe
633 713 664 770 io
678 713 750 771 late·
802 728 860 781 mo,
877 717 987 784 quenti
1008 709 1127 768 ueritate
1204 707 1278 766 'mim
1302 725 1338 766 ex
1358 709 1394 764 ls-

163 801 196 842 re
209 799 284 840 arcae
296 781 399 840 ostium
414 783 507 840 iacere
517 784 616 856 jussus
629 790 749 857 est,quo
802 789 863 842 tere
877 799 930 841 suo
941 779 1394 854 uobisproiuderitsacraments,

162 855 305 912 intrarent
327 853 474 924 animalia,
500 871 564 927 quae
584 872 641 914 non
666 863 750 915 erant
803 855 906 928 quibus
919 853 1058 910 intremus
1071 852 1108 909 ad
1124 851 1214 908 vitam
1233 859 1391 916 eternam

162 925 269 984 diluvio
293 925 432 1008 perit-ura,
451 926 554 998 quibus
577 927 748 1002 praettguis-
802 927 846 984 sel
862 927 945 996 alias,
959 926 1031 982 sicut
1045 922 1186 1006 Dominus
1199 923 1358 980 meditanti
1370 931 1396 979 et

162 999 247 1056 hatur
267 997 401 1055 Ecclesia.
423 999 463 1056 Do
486 999 545 1056 istis
565 999 652 1057 etiam
683 1017 749 1058 san-
802 998 896 1056 oranti
916 999 1095 1056 devotionem
1112 996 1307 1052 ministrabit.
1323 998 1396 1062 less,

162 1068 250 1144 quiue
263 1074 322 1126 eta
342 1086 381 1126 ua
392 1067 462 1126 dicit
473 1067 548 1128 idem
562 1073 748 1142 luqustinus.
803 1075 853 1143 qtsi
869 1073 943 1127 lutei
961 1071 1082 1142 eorporis
1101 1069 1144 1123 tin·
1167 1070 1287 1132 mortiis',
1304 1069 1396 1122 inei

162 1141 241 1213 quod
255 1140 331 1198 credi
354 1139 392 1198 ile
403 1147 446 1198 ost
457 1143 535 1214 quod
550 1142 624 1202 latro
634 1143 691 1206 ille.
703 1146 750 1202 eui
802 1145 920 1215 operiri,
930 1147 956 1198 et
968 1141 1068 1197 mnne
1074 1141 1242 1208 sosiqnbsem
1252 1145 1280 1194 et
1294 1155 1395 1211 equos

161 1211 749 1358 {ttiittittithhifflucitii
802 1218 891 1342 tit„
905 1213 1396 1351 lhffl‘ulllfflnffmss

567 1327 575 1356 J
1147 1325 1155 1342 Ι

163 1355 253 1412 latere
267 1355 457 1426 exilientibus,
466 1366 494 1414 et
508 1357 558 1415 tnli
571 1359 749 1417 sanctissimo
803 1361 911 1429 officim
921 1358 1183 1426 sementinque
1194 1353 1231 1409 de
1242 1353 1342 1410 eodem
1353 1369 1395 1408 su·

162 1427 334 1500 Baptismate
352 1429 480 1488 saltatus
506 1429 565 1500 sit;
594 1446 658 1488 cum
687 1431 750 1488 sine
803 1427 1395 1499 eratissimoloterepronueerimtdnop*

163 1499 335 1570 Baptismate
359 1517 444 1560 nemo
460 1499 595 1572 salvetur,
612 1505 655 1560 vei
671 1519 750 1559 mar·
804 1509 867 1558 turo
883 1503 980 1557 luteris
995 1501 1048 1564 tui,
1063 1501 1188 1564 Domine,
1204 1499 1354 1568 opetiisti
1366 1513 1395 1552 s·

161 1571 245 1644 tyrio.
267 1574 442 1630 -Tertium
466 1573 669 1630 documentum
695 1580 749 1643 est,
805 1572 1070 1654 lectistui'sjonuoni
1083 1571 1156 1626 cite.
1170 1571 1329 1640 Haeoportn
1341 1575 1395 1636 tiis,

163 1643 238 1715 quod
254 1659 307 1700 nos
317 1644 610 1700 omnemvoluntatem
622 1651 749 1703 nostiam
803 1647 927 1714 Domine,
940 1646 1014 1714 susti
1026 1642 1170 1698 intrabunt
1185 1644 1216 1695 in
1231 1657 1308 1696 eoos.
1325 1641 1395 1706 b'oli,

162 1713 340 1770 conformare
367 1715 503 1772 dehemus
522 1715 658 1772 voluntati
677 1715 748 1772 ‹tivi-
803 1719 927 1786 minine,
945 1731 1047 1786 queso,
1064 1714 1252 1784 iniquitatum
1271 1727 1396 1766 meum

162 1799 218 1854 nae,
233 1789 262 1841 et
271 1784 485 1857 quodroluntas
496 1785 545 1842 ltei
560 1787 589 1844 in
603 1787 748 1859 omnibus,
802 1789 954 1852 mendosi,
966 1791 998 1842 ut
1011 1789 1124 1858 propter
1136 1799 1182 1839 eos
1195 1785 1269 1838 mihi
1282 1783 1396 1838 dando

162 1861 191 1914 et
205 1873 292 1930 super
305 1855 403 1914 omnia
417 1860 454 1915 sit
463 1857 547 1917 nohis
559 1865 675 1932 accepta
690 1877 697 1916 :
713 1877 748 1919 eo
803 1861 912 1918 editum
927 1863 1021 1924 ntiun,
1048 1871 1129 1928 quem
1152 1855 1350 1928 mceotocibsss
1374 1859 1396 1908 st

163 1929 239 2012 quoii
259 1945 309 1988 coi
334 1928 436 1988 Christi
456 1931 636 1990 vulneratum
651 1939 694 1990 est
717 1948 749 1990 a·
803 1931 997 2004 penitentibus
1011 1929 1171 2002 mutanti.

162 2001 379 2060 monsvulnecs
395 2009 512 2078 propter
530 2019 594 2074 nos,
609 2009 749 2077 quatenus
843 2009 873 2060 15
893 2006 987 2060 eri
1002 2003 1094 2058 itinn
1116 2014 1199 2054 vineo
1214 2013 1315 2054 sss-im
1328 2013 1392 2054 rm·

161 2090 212 2132 nos
228 2089 278 2158 per
301 2091 429 2133 amorem
445 2075 622 2150 reciprocum
643 2079 748 2134 intrare
803 2093 854 2132 nos
871 2091 982 2132 uirens
997 2075 1116 2132 Canism.
1136 2098 1171 2112 -
1188 2070 1222 2151 Et
1237 2068 1305 2125 licet
1321 2066 1392 2126 istud

161 2161 303 2230 possimus
317 2163 369 2229 per
392 2148 496 2206 ostium
520 2147 618 2206 lateris
636 2149 673 2206 ad
700 2164 750 2206 cor
804 2146 906 2228 vulnus
921 2144 1018 2203 lateris
1040 2159 1098 2201 non
1115 2147 1236 2200 senserit
1252 2140 1391 2230 Christus,

160 2221 603 2372 {thithbtthttsthtts
619 2227 748 2362 istil
803 2213 1390 2366 tltthtttihltttlitbltt

162 2364 283 2442 utsicut
302 2360 408 2416 terrum
436 2362 644 2419 candenscum
671 2365 747 2435 igne,
804 2360 907 2418 simam
926 2363 1051 2418 animam
1071 2355 1193 2438 crudelis
1223 2355 1273 2411 iila
1294 2354 1391 2437 lancea

161 2446 295 2488 inunum
314 2430 461 2488 rediatur
487 2447 626 2489 autorem.
656 2436 748 2491 Homo
803 2431 1037 2490 tuoctranstiiit.
1056 2432 1135 2488 'iuno
1159 2442 1222 2498 ipsa
1241 2427 1390 2496 deficiens,

161 2502 239 2558 onim
254 2499 352 2559 omnia
385 2501 509 2560 esideria
522 2517 571 2559 sun
589 2503 674 2560 debet
684 2505 747 2562 iun·
803 2510 832 2562 et
845 2503 926 2576 quasi
945 2509 1059 2560 mortua
1070 2499 1173 2558 cecidit
1183 2501 1259 2554 inter
1273 2499 1391 2556 brachis

160 2571 230 2628 dare
249 2579 278 2629 et
302 2569 436 2629 ordinare
462 2571 491 2630 in
520 2575 623 2644 Deum,
649 2590 747 2633 amore
803 2578 849 2634 Ma
869 2575 979 2632 dalenae
995 2574 1023 2631 in
1041 2582 1158 2630 terrem.
1173 2569 1260 2626 Vides
1284 2569 1391 2641 quoties

160 2641 266 2700 Christi
281 2661 290 2699 s
305 2640 372 2724 quia
386 2643 518 2716 pedibus,
545 2659 597 2718 per
623 2663 695 2718 quos
708 2648 749 2704 at·
803 2592 888 2705 hoelis
900 2651 1013 2704 mortua
1026 2649 1081 2716 est,
1099 2642 1183 2724 toties
1212 2649 1303 2724 certe,
1318 2657 1390 2720 quo-

159 2713 249 2798 iectus
264 2719 451 2787 accipiuntur,
468 2721 512 2774 est
528 2717 679 2776 crucifixus
695 2735 702 2788 ;
720 2725 749 2776 et
804 2719 858 2776 ties
870 2719 985 2776 videbat
1003 2721 1104 2775 contra
1117 2715 1219 2771 Filium
1233 2711 1300 2769 tien
1313 2728 1390 2768 nori·

159 2801 190 2843 iii
206 2785 338 2844 omnihus
351 2786 437 2845 bonis
449 2789 582 2862 operibus
594 2805 625 2848 se
639 2807 750 2848 exerce·
803 2796 902 2849 tatem.
921 2789 1002 2847 Unde
1015 2803 1091 2846 nunc
1104 2785 1236 2865 perfecte¹
1246 2783 1390 2864 resiliente

160 2874 203 2930 re,
221 2875 255 2916 oc
278 2868 380 2942 cuncta
395 2860 470 2920 mala
496 2877 584 2936 opera
610 2862 748 2928 devitare,
804 2862 886 2920 estin
901 2877 936 2918 ea
948 2861 1090 2919 Simeonis
1106 2855 1269 2930 propheha,
1286 2869 1389 2926 quasi·

160 2945 259 2988 amore
286 2931 402 3002 Christi,
431 2933 498 3005 quia
523 2933 668 3004 manibus,
697 2951 749 3007 pei
805 2933 833 2991 bi
852 2932 1036 2990 dixeratilli
1062 2937 1138 2988 tuom
1154 2929 1245 3000 ipsius
1269 2929 1389 2982 mon

160 3003 749 3078 quesoperaaccipiuntur,ciucitiiusest3
801 3005 986 3078 pertransibit
1000 3003 1123 3074 qlodius.

160 3089 274 3132 omnem
291 3091 359 3132 vero
383 3077 558 3135 voluntatem
588 3093 670 3136 suam
686 3095 752 3135 con·
844 3082 875 3133 ιδ
887 3078 1175 3134 Dosinnssinounimi
1192 3085 1388 3128 inhumanissi-

160 3145 286 3205 iormare
307 3149 447 3206 voluntati
476 3149 592 3220 divinae,
619 3166 671 3223 pro
701 3149 750 3206 illo
804 3165 850 3214 un,
883 3165 1040 3204 inmissum
1058 3141 1388 3222 mamistenum-‚Ei

160 3223 267 3278 amoris
279 3220 409 3291 vulnere,
419 3221 533 3294 quodin
547 3237 630 3280 cruce
640 3237 691 3292 pro
701 3221 750 3278 ho
804 3221 858 3276 hac
870 3222 964 3277 cordis
979 3217 1085 3278 Christi
1100 3215 1249 3286 scissione,
1269 3230 1288 3272 a
1312 3225 1389 3284 cuius

157 3289 235 3349 mine
250 3291 369 3366 accepit,
389 3309 453 3350 cum
463 3293 634 3352 invincibilis
645 3295 751 3350 amoris
804 3307 922 3362 arcano,
936 3297 1083 3374 tamquam
1105 3304 1123 3346 a
1149 3289 1239 3358 tonte,
1268 3285 1389 3359 pretium

159 3363 263 3434 sagitta
276 3380 325 3420 cor
339 3379 422 3419 suum
437 3363 604 3422 mellifluum
624 3365 751 3435 persora·
803 3368 910 3420 nostrae
927 3363 1027 3420 salutis
1055 3361 1169 3434 copiose
1190 3363 1233 3416 est
1258 3357 1387 3424 effusum,

161 3432 210 3490 vit.
228 3435 282 3490 Per
295 3433 370 3488 istud
380 3433 483 3490 vulnus
493 3433 575 3505 quasi
588 3450 638 3506 per
645 3439 749 3492 ostium
804 3434 906 3492 meiito
920 3433 1053 3492 etiamad
1068 3429 1304 3503 compellendum
1317 3433 1347 3486 et
1360 3441 1388 3508 a·
1465 3465 1466 3490 r

160 3503 266 3561 amoris
285 3503 460 3572 lupentinus
488 3501 656 3573 intraverat,
684 3522 748 3564 cuni
804 3507 1390 3572 mendumvulneraturcornostrumque

159 3573 292 3633 dicebat:
311 3573 481 3646 «Longinus
496 3575 608 3648 aperuit
624 3575 693 3633 mihi
710 3577 749 3634 la·
802 3576 848 3634 hic
863 3577 985 3636 maximo
1012 3575 1155 3650 apparuit,
1171 3589 1258 3646 quam
1276 3571 1389 3644 copiosa

158 3648 204 3701 tus
215 3645 318 3728 Christi
334 3647 452 3719 lancea;
468 3653 497 3706 et
508 3665 560 3720 ego
577 3647 692 3718 intravi,
708 3647 749 3706 ibi
803 3646 1120 3722 apudeumredemptio
1132 3645 1228 3704 luerit.
1239 3645 1389 3723 Undellfr·

157 3731 304 3788 requiesco
331 3735 460 3778 suenrus.
486 3721 563 3780 Clavi
592 3727 621 3780 et
648 3720 747 3780 lancee
802 3723 950 3778 nordnsz«
961 3721 1003 3778 Ad
1017 3717 1162 3777 cumulum
1175 3721 1325 3789 postremo
1335 3729 1390 3786 pie·

159 3786 283 3844 clamant
295 3789 375 3871 inihi,
385 3791 460 3864 quod
474 3809 539 3850 vere
548 3791 748 3850 reconciliatus
803 3791 1029 3850 tatistiadiditio
1038 3787 1293 3846 niortemaniioam
1302 3799 1389 3868 suam,

158 3873 223 3916 sum
248 3859 372 3930 Christo,
389 3865 412 3918 si
436 3879 500 3922 euin
522 3881 666 3922 amavero.
683 3885 697 3918 n
720 3895 745 3906 -
801 3869 830 3919 et
844 3863 879 3920 de
896 3863 1010 3933 proprio
1029 3863 1118 3919 latere
1132 3859 1253 3933 protulit
1268 3865 1388 3932 pretium

156 3928 199 3988 hd
224 3931 462 3990 conformandum
477 3951 507 3992 se
522 3935 587 3993 huic
611 3935 746 4005 articulo,
802 3933 1015 4002 satisfactionis,
1036 3949 1092 4004 quo
1119 3935 1248 4004 placaret
1267 3933 1387 3996 Patrem,

157 4009 365 4061 rememoretur
378 4007 474 4076 honio,
497 4023 583 4078 quani
613 4023 745 4077 superex—
822 4007 943 4078 ecquod
960 4005 1039 4062 illuni
1055 4003 1190 4075 planead
1209 4018 1240 4058 se
1267 4003 1388 4058 versicu-

158 4071 393 4156 oelteotissimum
415 4091 543 4134 ainoroni
563 4078 694 4135 Christus
716 4077 747 4134 in
802 4021 861 4134 luni
876 4077 982 4135 traxit:
1004 4077 1090 4148 Apud
1109 4077 1257 4132 boninum
1278 4075 1388 4128 misni-

159 4152 306 4219 apertione
321 4146 419 4204 lateris
432 4145 475 4204 sui
484 4149 566 4205 nobis
578 4147 746 4218 ostenderit,
802 4151 940 4220 condiant
953 4148 1147 4221 copiosunpud
1159 4145 1387 4217 cumreitemmio.

159 4217 189 4275 in
202 4234 258 4292 quo
271 4217 353 4278 nohis
371 4218 479 4276 aditum
500 4219 626 4292 patulum
645 4221 682 4277 ad
699 4237 748 4276 coi·
803 4222 925 4284 Prorsus
944 4219 1059 4292 copiosa
1085 4217 1220 4291 quianon
1233 4221 1328 4290 gutta,
1343 4211 1388 4270 sed

158 4289 221 4362 eius
235 4290 322 4349 dedit.
336 4290 536 4366 Festinetergo
546 4291 747 4350 homoiutrare
802 4294 879 4351 unda
895 4290 1046 4366 sanguinis
1073 4287 1182 4363 argiter
1196 4304 1249 4361 per
1264 4287 1388 4360 quinque
