2974 5040
430 439 469 494 llll
494 439 615 505 senil,
642 441 675 495 lll
704 440 868 495 tanstulit
898 438 1024 492 nubili.
1297 433 1344 488 lli

101 547 189 677 aeod
206 547 316 606 Novum
342 549 557 608 Testamentum
580 551 700 622 propter
755 545 913 604 dulcedinis
925 549 995 615 tun,
1014 559 1101 618 quam
1124 542 1250 674 {loricas
1265 541 1341 600 dicta

152 625 199 678 tus
212 621 314 692 eteJus
326 619 522 694 impletionem
533 627 619 690 esset,
634 635 698 678 cuin
754 624 820 677 sunt
836 619 872 676 de
889 617 1010 677 Ciuitate
1027 615 1089 686 Del,
1108 632 1127 673 u
1148 615 1158 674 i
1184 619 1229 674 est
1244 615 1340 698 lumen

102 697 207 749 tamen
221 697 250 749 et
261 692 464 762 conuersosit;
479 691 529 749 sed
546 691 609 748 ideo
626 707 699 762 prae·
752 691 829 761 vitae,
842 691 906 748 fons
919 689 1008 748 totius
1022 686 1192 758 dulcedinis,
1207 693 1236 744 et
1250 687 1340 745 beati·

99 763 283 834 dictumest,
298 763 365 836 quia
382 779 435 838 per
458 762 602 822 Christum
629 779 697 820 con·
752 764 821 820 tudo
839 762 930 820 utrius
951 778 988 820 ue
1002 758 1145 818 hominis:
1160 781 1174 811 lt
1202 759 1263 816 haec
1278 759 1338 815 Aii-

102 836 312 893 summandum
329 841 411 906 ernt3
435 837 490 894 hoc
519 833 596 894 enini
623 835 697 892 lacto
751 838 889 906 quatinus.
903 836 935 891 ln
968 849 1002 891 oc
1015 839 1111 890 autem
1126 831 1214 889 uerbo
1227 829 1340 888 Domini

101 905 226 990 impleta
237 911 285 990 est
309 907 468 990 Scriptura·
482 906 649 1034 prophetie,
669 913 698 963 et
752 906 804 964 lull
820 922 923 980 magna
938 904 1095 977 compassio
1109 901 1219 986 ldatris,
1247 905 1339 986 etso-

99 994 148 1035 sic
163 995 191 1036 in
206 978 270 1036 aliis
284 995 336 1036 suo
353 981 437 1037 modo
461 981 529 1036 intel
545 979 599 1050 ige.
617 981 697 1036 llicit
751 978 870 1036 ctiarum
887 980 960 1051 ejus,
974 981 1003 1034 et
1017 979 1158 1042 loannis;
1175 980 1204 1032 ct
1218 989 1341 1031 maxima

98 1065 196 1123 ergo:
215 1053 298 1120 Sitto,
314 1051 422 1108 scilicet
446 1049 593 1118 hominum
618 1051 695 1107 salu·
750 1048 899 1108 exsultatio
913 1049 969 1106 illis
981 1047 1122 1120 pessimis.
1134 1049 1204 1104 Nam
1214 1047 1339 1103 licelex·

99 1126 175 1190 tem,
192 1121 258 1193 quia
272 1123 347 1180 hauc
361 1122 504 1180 desiderio
526 1121 644 1179 cordiali
661 1123 696 1178 si·
750 1125 817 1195 poni
833 1121 924 1196 possit
936 1123 1011 1194 quod
1026 1119 1141 1177 sitiebat
1152 1120 1284 1187 salutern,
1295 1123 1339 1174 ta·

98 1191 180 1262 tivit,
195 1193 327 1251 videlicet
339 1193 415 1251 sitiin
431 1193 543 1262 sitiens,
554 1193 583 1250 id
594 1199 638 1252 est
648 1194 696 1251 de·
750 1209 816 1250 nien
826 1195 862 1251 ad
877 1193 1003 1251 litteram
1013 1191 1156 1250 aestimare
1171 1195 1252 1263 putes
1263 1187 1340 1262 quod

97 1264 246 1336 sidereas,
260 1273 292 1322 ut
307 1282 359 1324 nos
372 1265 518 1324 sitiremus
532 1269 640 1323 l'ontein
655 1265 696 1322 vi·
749 1265 910 1324 inveritate
922 1265 1043 1323 multum
1053 1264 1168 1321 sitiebat
1179 1279 1186 1332 ;
1199 1261 1266 1334 quia
1275 1275 1340 1333 pro·

99 1351 184 1418 vum.
200 1338 258 1394 lloc
277 1335 408 1410 quintum
425 1337 554 1407 verbum,
570 1336 622 1394 luit
638 1353 696 1394 nia-
749 1342 814 1410 pter
838 1337 959 1395 nimium
977 1338 1118 1406 laborem,
1134 1339 1164 1392 et
1189 1329 1340 1416 sanguinis

100 1421 182 1464 xime
207 1409 429 1466 consolatorium
455 1408 583 1466 omnium
610 1408 696 1467 totius
750 1410 973 1480 emanationem,
986 1415 1063 1466 totus
1087 1406 1245 1464 desiccatus
1263 1410 1340 1460 intus

97 1478 237 1562 Ecclesia
250 1480 389 1551 lidclium,
399 1482 514 1554 quando
526 1480 606 1550 dixit,
617 1484 693 1552 sitio,
749 1485 779 1538 et
793 1481 936 1540 arefactus
947 1485 977 1538 et
989 1481 1106 1538 adustus
1120 1485 1193 1546 erat,
1219 1481 1248 1534 et
1271 1491 1338 1549 pro·

98 1549 213 1633 scilicet
227 1551 348 1608 salutem
361 1553 530 1622 humanam,
544 1553 693 1610 ferventis·
749 1556 814 1624 pter
832 1555 887 1610 hoc
909 1552 1024 1610 sitiebat
1047 1565 1134 1623 supra
1153 1548 1280 1616 modum,
1309 1551 1338 1604 et

96 1635 175 1678 simo
188 1621 342 1682 desiderio.
355 1626 387 1681 ln
402 1625 456 1682 lioc
471 1623 692 1682 enim-ostendi·
749 1623 815 1681 telis
829 1624 891 1682 sitis
918 1630 962 1682 est
980 1623 1136 1682 maximum
1152 1624 1337 1676 tormentum.

98 1701 152 1749 tur
165 1694 226 1766 ejus
241 1695 346 1752 ardens
360 1695 537 1754 desiderium
552 1697 587 1753 de
600 1697 693 1754 salute
784 1701 820 1766 lid
835 1698 968 1755 Cnaisrus
994 1711 1116 1752 corinun
1140 1709 1235 1750 imno.
1249 1721 1285 1734 -
1305 1689 1339 1746 Et

96 1766 694 1910 estsimilis·ltlllllilllilt
749 1763 1339 1915 llilllllltlttlhtlllliiii

119 1905 127 1918 ,
187 1907 193 1920 ,
377 1883 385 1909 i
680 1871 693 1882 ¹
1198 1879 1206 1906 i
1328 1863 1339 1874 “

99 1908 411 1984 sideriumesprimere
427 1911 628 1969 consuevimus
642 1928 694 1985 per
748 1917 816 1969 runt
838 1913 958 1971 uenandi
986 1909 1145 1970 materiam.
1173 1909 1222 1966 itti·
1247 1911 1339 1963 eutem

99 1978 194 2036 sitim.
210 1981 284 2038 llicit
304 1982 380 2040 enini
401 1983 552 2040 Psalmisla
571 2006 578 2041 ι
596 1986 695 2042 sitinii
749 1982 1339 2058 sponoicmpleiinmacetoliyssopuet’reum-

99 2055 401 2112 animomeaadlieum
411 2058 510 2125 (orleii
523 2059 625 2112 uiuum.
637 2057 693 2113 Un·
748 2063 878 2128 ponentes
890 2058 1047 2113 obictumst
1063 2058 1106 2110 ort
1131 2053 1212 2122 ejiis;
1241 2055 1270 2107 et
1297 2049 1337 2105 sic

97 2121 313 2182 deBemerdus:
324 2147 337 2181 n
349 2127 429 2196 Silio,
438 2127 478 2184 ait
484 2126 623 2197 Christus,
635 2143 694 2184 non
749 2127 890 2185 dederunt
903 2127 930 2185 ei
948 2128 979 2184 in
994 2124 1124 2200 spongia,
1142 2137 1207 2195 quat
1221 2125 1338 2203 propiet·

99 2193 527 2270 doleo.Ollominc,qnidsiiisl
538 2201 635 2256 Fidem
645 2215 694 2257 ve·
750 2198 935 2270 porositatem
958 2199 993 2256 de
1017 2203 1097 2255 aceto
1116 2195 1236 2252 multum
1250 2193 1336 2248 inihi·

97 2271 202 2338 stram,
219 2269 338 2326 salutem
353 2277 487 2340 uestram,
499 2270 635 2343 gandium
645 2287 694 2328 ve·
748 2271 840 2340 beret,
862 2269 997 2328 arundini
1013 2265 1156 2342 imposita,
1176 2273 1208 2322 ut
1222 2277 1335 2321 sursum

98 2339 598 2422 strum3plusanimarumvestrarum
608 2359 693 2414 quain
749 2344 784 2399 ad
798 2359 830 2400 os
840 2343 1025 2416 pertingeret,
1038 2357 1071 2398 ac
1082 2340 1204 2412 hyssopo
1220 2337 1339 2393 circum·

97 2423 230 2483 corporis
247 2413 304 2470 mei
318 2414 460 2471 cruciatus
473 2431 519 2472 me
531 2419 619 2484 tenet,
633 2415 692 2474 etsi
749 2413 842 2486 posita
856 2419 885 2472 et
904 2413 1109 2486 circumligata,
1125 2415 1157 2468 ut
1172 2425 1221 2482 per
1235 2409 1335 2490 hysso-

98 2483 694 2564 ponmei‚saltcmrestrimiseremini.oEt
749 2503 816 2558 pum
845 2487 965 2544 herbam
992 2499 1120 2543 amaram
1149 2480 1185 2540 de
1216 2493 1336 2554 spongia

98 2558 221 2612 iterum:
237 2575 251 2608 u
267 2557 376 2639 libone
390 2559 469 2628 lesu,
484 2573 617 2616 coronam
633 2558 691 2632 spi·
748 2565 872 2632 sugeret,
883 2563 996 2616 acetum
1007 2573 1057 2614 seu
1069 2555 1166 2612 vinum
1177 2560 1336 2623 acetosum,

96 2639 185 2681 neam
206 2635 339 2708 sustines,
359 2629 395 2686 dc
416 2635 465 2687 tua
489 2644 584 2700 cruce,
609 2636 638 2688 el
655 2631 692 2688 de
747 2645 810 2686 cuin
825 2629 889 2688 lello
912 2632 1042 2700 miiitum,
1068 2643 1119 2684 seu
1146 2625 1335 2698 myrrhatum,

97 2695 267 2755 vulneribus
283 2699 339 2756 luis
358 2705 445 2770 taces,
461 2705 490 2758 et
523 2717 554 2760 ro
570 2702 630 2759 sula
644 2702 690 2759 siti
747 2702 830 2774 quale
847 2705 935 2760 etiam
960 2701 1015 2760 sihi
1036 2699 1203 2774 priusquam
1220 2704 1334 2753 crucem

95 2767 215 2840 clamas,
229 2770 336 2842 dicens,
351 2775 426 2828 sitio.
439 2717 590 2846 Quicfergo
604 2774 691 2831 sitis‘l
746 2775 916 2832 ascenderat
931 2773 1163 2847 propinaveram.
1192 2768 1247 2850 Sic·
1264 2781 1333 2848 ergo

98 2839 186 2896 Certe
200 2841 290 2922 solam
308 2843 533 2916 redemptionem
552 2845 690 2917 hominis,
746 2844 789 2902 bis
804 2853 918 2918 potatus
940 2847 1011 2902 luit:
1028 2849 1057 2901 et
1080 2848 1148 2900 ante
1172 2839 1333 2920 crucillsio-

97 2917 127 2967 et
145 2912 286 2982 gaudium
306 2915 439 2972 humanae
465 2915 573 2973 salutis.
592 2937 607 2968 lt
636 2918 692 2974 Per
746 2923 869 2986 nein,et
886 2919 916 2973 ln
934 2914 1128 2972 crucifixione.
1147 2913 1182 2968 Et
1200 2915 1334 2992 estratio

95 2981 153 3040 hoc
170 2985 289 3042 verbum
304 2989 446 3058 quintum,
461 2987 598 3045 docemur
612 2988 690 3046 salu·
745 2987 911 3060 putationis,
930 2991 959 3045 et
974 2986 1047 3044 ratio
1062 2981 1263 3064 geminationis
1278 2981 1332 3036 hu-

98 3061 159 3136 lem
179 3061 306 3114 nostram
319 3058 494 3130 desiderare,
509 3065 537 3116 et
552 3067 690 3118 salernam
742 3061 801 3131 jus.
822 3059 926 3116 Dicunt
946 3059 1024 3116 enim
1039 3056 1166 3130 quidam,
1182 3053 1333 3134 crucifixos

95 3131 188 3210 vitain
215 3135 359 3210 appetere.
388 3132 467 3187 Unde
490 3131 665 3200 Aupusti'niis
680 3153 689 3188 i
746 3129 829 3186 citlus
844 3129 917 3187 mori
931 3129 955 3187 si
969 3135 1049 3188 aceto
1062 3133 1209 3201 potentur,
1224 3129 1253 3181 et
1267 3123 1331 3180 ideo

99 3215 115 3250 ii
130 3197 267 3270 Adiecisii
280 3201 376 3264 etiam.
397 3201 516 3259 Domine
535 3205 602 3260 lesu
613 3203 691 3262 Chri·
745 3207 859 3274 potatus
873 3207 917 3258 est
933 3199 998 3270 iste,
1013 3206 1041 3258 et
1055 3215 1114 3256 non
1131 3197 1191 3265 alii,
1206 3201 1238 3252 ut
1252 3194 1334 3250 citius

98 3273 154 3352 ste,
179 3273 254 3328 si'ti'o.
275 3271 348 3340 Quid
367 3271 439 3338 sitis,
461 3273 582 3332 Domine
601 3275 692 3332 lesui
747 3279 907 3330 moreretur
924 3289 932 3330 s
951 3277 980 3329 ct
993 3273 1057 3341 hoc,
1073 3271 1117 3326 iel
1132 3267 1268 3349 instinctu
1282 3267 1333 3322 lu-

97 3341 206 3398 Vinum
217 3342 253 3400 de
263 3341 331 3414 rite,
342 3351 503 3418 autequam
514 3348 547 3402 dc
556 3347 690 3404 lluminei
746 3345 886 3414 daeorum,
897 3346 945 3418 qui
957 3360 990 3401 ca
1010 3343 1110 3400 tabant
1122 3353 1243 3396 maxime
1256 3352 1332 3393 mor-

97 3411 169 3470 Sitis
182 3417 243 3496 tua,
257 3417 404 3498 calusinae
416 3417 519 3498 ,cibus
532 3423 608 3488 tuus,
629 3420 692 3476 red·
745 3421 803 3474 teni
819 3415 938 3486 Christi;
952 3359 1042 3473 refer
1055 3411 1139 3472 taedio
1154 3409 1286 3470 militum.
1301 3411 1334 3464 ut

98 3499 145 3540 em
170 3489 208 3542 lio
231 3501 304 3544 mea.
327 3489 378 3546 Siti
391 3489 487 3560 igitur,
500 3492 597 3548 eulina
614 3507 689 3562 nica,
745 3487 828 3546 citius
844 3505 863 3546 a
877 3487 1006 3545 custodia
1024 3487 1088 3543 e'us
1106 3483 1333 3550 absolverentur,

98 3561 129 3612 et
140 3499 282 3628 iacuere,
296 3559 371 3616 sicut
385 3559 530 3618 desiderat
542 3577 642 3620 cervus
653 3569 688 3619 ad
745 3559 812 3642 quia
826 3559 950 3618 taedebat
965 3575 1015 3618 eos
1030 3503 1070 3615 iiii
1082 3554 1197 3614 morari.
1213 3555 1331 3624 Compe-

98 3626 357 3702 lontcsaqnarum,
385 3633 464 3688 illum
483 3632 613 3690 uidelicet
641 3635 688 3706 qui
744 3637 893 3690 litantem
913 3631 1048 3714 mysterio
1079 3627 1194 3702 gemina
1212 3623 1331 3698 potatio,
1443 3645 1447 3657 ·

97 3697 187 3782 sitivit
197 3705 234 3756 te.
247 3703 345 3758 Nonne
356 3704 443 3760 taedet
453 3710 492 3773 te,
505 3704 603 3762 anima
614 3721 688 3776 mea,
744 3709 861 3777 propter
872 3719 1016 3776 geminam
1027 3715 1181 3780 personam
1193 3713 1256 3770 quae
1267 3710 1334 3769 pec·

96 3775 282 3854 intemperies
311 3773 398 3845 aeris,
428 3775 560 3832 molestie
578 3777 687 3848 carnis,
744 3782 869 3840 caverat,
885 3779 999 3847 gustato
1014 3773 1091 3847 ligno
1116 3779 1214 3852 vetito,
1229 3784 1262 3825 cs
1277 3783 1333 3840 qua

97 3847 127 3898 et
142 3847 236 3900 cordis
250 3860 346 3928 pugna
368 3861 433 3902 cuin
461 3845 548 3916 vitiis,
564 3848 688 3906 varietas
744 3846 880 3903 damnata
892 3851 954 3902 erat
968 3843 1081 3917 generis
1095 3843 1213 3900 humani
1224 3853 1334 3912 propa-

97 3913 210 3996 lorniae,
226 3921 346 3974 mutatio
373 3925 401 3974 et
426 3916 598 3976 incertitudo
613 3925 686 3976 tein-
763 3921 832 3974 allo.
849 3919 882 3974 ln
902 3919 956 3974 boc
971 3919 1057 3973 etiam
1070 3923 1139 3988 potu
1158 3927 1268 3980 amaro,
1284 3913 1334 3968 Ju-

98 3999 190 4112 Euris,
202 3989 377 4067 ¹exspectatio
401 3993 430 4070 el
447 3991 533 4070 linior
558 3994 658 4048 mortis
674 3993 688 4050 ‘l
743 3933 798 4046 iel
812 3987 1033 4046 amaritudinem
1048 4003 1106 4044 suae
1125 3999 1268 4068 perversa
1285 3997 1334 4038 iio·

100 4060 609 4190 illilllttull'il'itllli
623 4079 687 4192 “it
742 4059 1078 4204 llliiilitllllii
1098 4057 1335 4188 sigillati

99 4199 238 4280 mortalis,
256 4206 285 4259 et
296 4218 354 4260 non
372 4208 507 4276 provocat
521 4211 549 4262 ta
571 4203 630 4262 vita
644 4207 686 4263 vi·
742 4217 864 4276 quorum
877 4173 1004 4273 malitia,
1027 4201 1069 4260 sic
1084 4201 1153 4259 dicit
1169 4201 1334 4267 chrysosto-

100 4271 174 4338 talis,
202 4271 348 4330 beatitudo
368 4275 492 4346 lontalis,
521 4277 642 4334 societas
659 4283 688 4336 et
742 4291 802 4331 mus
818 4293 825 4332 :
843 4298 855 4327 s
880 4277 922 4332 Tu
940 4281 1036 4333 autem
1054 4273 1124 4330 mihi
1141 4269 1331 4328 temeritatem

101 4341 198 4400 latitia
212 4343 403 4425 spiritualis?
428 4347 563 4405 Desidere
587 4347 686 4421 igitur,
742 4361 841 4404 eorum
856 4345 904 4420 qui
931 4346 1102 4404 assistebant
1125 4345 1232 4424 cogita,
1250 4341 1284 4422 lit
1306 4337 1330 4396 si

102 4419 129 4471 et
141 4415 291 4474 considera
307 4431 394 4489 quain
415 4433 520 4492 magna
534 4420 686 4478 multitudo
742 4417 841 4475 decem
866 4417 956 4476 millia
982 4415 1167 4474 habuerimus
1194 4425 1330 4470 inimico-
