3124 5038
219 387 265 440 lU‘l
552 385 706 440 stennon
733 379 850 436 rantis
879 381 982 435 cuent
1012 383 1117 436 lxllll

220 492 318 552 fratris
342 491 587 550 resuscitationem
615 491 649 546 de
673 489 801 547 lancibus
828 489 831 555 J
857 493 913 546 ret.
930 487 1195 570 Perdideratenim
1210 490 1378 563 Magistrum
1394 510 1451 552 sn-

221 566 342 634 inlernl;
362 564 455 622 llendo
475 561 600 620 obtinuit
620 561 800 619 consolatio·
856 575 914 630 um,
930 575 1015 632 quem
1031 567 1071 616 rta
1085 561 1271 632 singularoer
1287 563 1446 692 dil‘qebat,

222 653 288 696 nem
301 640 336 694 de
347 634 575 694 Resurrectione.
590 636 741 707 lacrymis
753 650 801 690 er·
855 637 886 689 nt
900 639 1005 705 praeter
1017 631 1111 705 ipsum
1125 631 1195 716 nibil
1209 642 1308 718 posset
1320 635 1349 693 di
1363 637 1447 720 igere

222 705 801 783 goluditcompunctioniscompassionis,
856 703 899 760 vel
915 720 1031 778 sperare
1058 705 1226 788 Perdiderat
1242 715 1446 789 yttamanrmae

222 789 251 840 et
261 778 431 840 devotionis.
444 779 699 848 UndeUrepors'us:
714 800 728 831 «
741 779 802 846 Qua
855 793 925 844 sua,
948 783 977 834 et
990 778 1052 849 jam
1070 777 1171 834 melius
1185 780 1384 838 arbitrabatur
1400 785 1447 839 lo·

221 855 251 912 in
270 851 480 924 repausandum
497 859 551 920 est,
571 851 656 923 hujus
672 849 802 907 mulieris
855 863 887 906 re
898 847 953 906 sibi
964 851 1047 931 mori,
1059 849 1249 933 quamrirere
1260 869 1268 908 :
1280 852 1348 924 quia
1360 853 1447 936 lorei-

221 922 802 996 mentcmquantavisamorisaccendcrat,
830 980 832 993 ,
856 925 906 977 tan
929 935 1054 978 moriens
1073 927 1227 986 inveniret,
1244 939 1330 995 quem
1346 941 1446 984 virens

221 1013 284 1070 quae
297 1014 314 1052 α
327 1001 509 1054 monumento
524 993 648 1064 Domini,
661 994 747 1052 ctiam
763 993 803 1050 di·
830 996 832 1037 l

220 1068 337 1141 scipulis
350 1066 561 1136 mordentibus,
572 1083 629 1125 non
639 1067 801 1125 recedebat.

221 1141 301 1199 Unde
319 1139 394 1198 conti
416 1140 481 1205 it,ut
494 1155 558 1197 eum
570 1139 631 1196 sola
642 1143 711 1196 tunc
724 1137 802 1195 vide·
830 1139 832 1173 ¹

397 1157 415 1268 ἦ
829 1195 832 1282 l
856 1207 1007 1278 exanimis,
1015 1209 1161 1267 lactaerat
1170 1209 1357 1270 insensibilis.
1375 1214 1444 1270 Sen-

221 1220 275 1283 rct,
291 1229 354 1285 quae
371 1229 402 1269 so
415 1228 432 1269 a
444 1212 581 1269 remansit
595 1215 627 1268 ut
641 1214 801 1283 qnaereret;

222 1287 291 1358 qnia
303 1284 392 1342 virtus
405 1285 473 1342 boni
488 1281 581 1356 operis
591 1284 803 1356 perseverantia
829 1289 832 1366 ι

222 1365 275 1414 est.
285 1376 298 1409 u
309 1355 360 1414 Ubi
372 1361 400 1414 et
408 1358 585 1426 Auqnstians
599 1355 714 1412 :allicis
726 1354 802 1437 enim

219 1429 417 1498 redeuntibus,
441 1428 628 1484 infirmiorem
651 1443 748 1484 serum
772 1443 801 1482 m

221 1501 322 1559 eodem
338 1501 400 1558 loco
418 1499 518 1557 lortior
533 1500 655 1556 iaciebat
672 1499 801 1568 allectus,

221 1581 249 1630 et
271 1572 359 1642 oculi,
381 1571 427 1645 qui
448 1571 599 1628 Dominum
619 1570 801 1642 quaesierant,

220 1649 250 1702 et
264 1661 321 1701 non
338 1644 517 1710 invenerant,
536 1645 667 1712 iacrymis
678 1643 738 1714 jam
750 1658 800 1697 vo·

221 1717 334 1784 cabant,
346 1714 467 1786 amplius
479 1715 608 1770 dolentes
621 1715 696 1786 quod
710 1713 802 1770 luerat

218 1787 330 1844 ablatus
355 1789 390 1844 de
403 1791 597 1854 monumento,
617 1801 701 1867 qnam
725 1786 801 1858 qnod

220 1859 314 1916 fuerat
325 1857 434 1916 occisus
449 1857 580 1928 inligno;
596 1873 729 1930 quonlam
746 1875 802 1914 ma·

221 1929 301 2003 gistri
309 1933 392 1998 tanti,
404 1929 484 2003 quns
495 1929 521 1987 el
531 1929 589 1987 vila
600 1931 745 1987 subtracta
756 1930 799 1988 lu-

855 991 985 1050 invenire
1009 993 1070 1065 jam
1101 1009 1158 1051 non
1208 999 1311 1052 oterat.
1349 997 1447 1056 Fortis

856 1080 980 1136 namque
1000 1073 1031 1120 ut
1059 1080 1137 1122 mors
1162 1065 1189 1122 dr
1221 1067 1286 1126 ctio.
1304 1067 1445 1140 quidnam

856 1136 975 1194 aliudin
992 1136 1082 1194 Maria
1106 1138 1237 1196 laceret?
1268 1141 1354 1198 Facta
1381 1146 1446 1198 erat

856 1279 929 1338 tiens
943 1297 1001 1338 non
1011 1282 1165 1351 sentiebat,
1177 1283 1278 1340 videns
1292 1300 1351 1342 non
1363 1285 1444 1343 vide·

857 1354 915 1423 bat,
933 1352 1055 1410 audiens
1072 1371 1127 1411 non
1143 1354 1294 1426 audiebst;
1310 1357 1361 1413 sed
1387 1373 1445 1414 ne-

856 1440 911 1498 que
933 1425 972 1482 ibi
987 1429 1060 1494 erat,
1081 1425 1128 1483 ubi
1146 1435 1219 1497 erat,
1236 1426 1304 1499 quia
1321 1433 1383 1485 tota
1401 1429 1443 1486 ibi

856 1501 929 1566 erat,
947 1496 997 1554 ubi
1013 1497 1150 1568 Magister
1164 1513 1233 1556 snus
1247 1505 1321 1570 erat,
1337 1499 1374 1558 de
1427 1517 1444 1558 o

856 1567 1008 1627 tamenubi
1025 1577 1101 1627 esset
1116 1572 1269 1628 nesciebat.
1290 1575 1391 1639 Qnaere
1412 1577 1443 1630 at

855 1649 951 1698 antem
976 1657 1052 1708 eum,
1069 1649 1097 1698 et
1122 1659 1180 1699 non
1202 1642 1370 1701 inveniebat
1386 1662 1393 1713 ;
1411 1649 1443 1702 el

855 1711 920 1770 ideo
936 1715 1030 1770 stabat
1045 1713 1081 1770 ad
1097 1721 1315 1772 monumentum
1328 1720 1357 1773 et
1377 1717 1442 1788 plo·

856 1787 947 1849 raliat,
969 1791 1029 1842 tota
1049 1785 1242 1858 lacrymabilis
1267 1793 1296 1844 ct
1314 1788 1443 1846 miseca-

855 1857 930 1914 bilrs.
949 1858 1030 1915 Certe
1041 1857 1102 1932 J'am
1120 1857 1190 1915 nibil
1206 1859 1338 1931 sapiebat
1351 1860 1443 1918 ldaria

855 1929 909 1985 nisi
927 1928 1057 2000 diligere,
1082 1937 1110 1986 et
1130 1946 1181 2003 pro
1201 1931 1306 1988 dilecto
1330 1932 1441 1992 dolere.

220 2009 292 2068 erat.
305 2019 356 2060 nec
366 2001 505 2060 memoria
517 2003 692 2059 remanebat.
708 2005 798 2058 Tene·
855 1999 948 2057 Oblita
960 2007 1021 2058 erat
1032 2000 1178 2062 timorem:
1191 2001 1280 2060 oblita
1289 2009 1352 2060 erat
1361 2004 1443 2061 deni-

222 2075 271 2132 bat
286 2076 381 2148 itaque
397 2075 433 2132 ad
447 2083 661 2132 mouumentum
673 2074 733 2145 jam
748 2074 799 2131 do·
827 2064 829 2123 l
854 2089 909 2144 que
920 2073 1025 2143 omnia,
1035 2079 1141 2146 praeter
1151 2073 1230 2132 illum
1242 2091 1329 2148 quem
1340 2075 1442 2148 dilige·

218 2147 264 2204 lor
274 2146 328 2205 iste
341 2147 502 2204 mulierem.
514 2168 528 2198 n
544 2147 623 2204 Unde
634 2145 719 2202 etiam
734 2147 797 2203 Uri-

216 2235 298 2289 peacs
314 2237 321 2278 :
338 2218 536 2286 «Audivimus,
550 2220 663 2286 l'ralres,
679 2217 797 2275 lllariam

216 2292 252 2348 ad
267 2297 483 2348 monumentum
494 2289 562 2347 loris
573 2295 707 2359 stantem,
720 2289 797 2346 andi·

216 2364 308 2420 vimus
323 2361 440 2418 Mariam
460 2363 629 2434 plorantem.
650 2361 767 2418 Amori
784 2391 796 2404 -

217 2435 309 2490 ciebat
321 2438 407 2497 stare,
422 2435 503 2489 dolor
520 2435 640 2504 cogebat
653 2449 716 2490 eam
735 2435 796 2506 plo·

217 2521 292 2562 rare.
323 2505 421 2560 Stabat
444 2512 473 2560 et
497 2503 753 2576 circumspiciebat,
773 2505 796 2562 si

217 2577 291 2633 lorte
308 2575 417 2631 videret
434 2591 519 2646 quem
534 2577 690 2646 quaerebat.
712 2577 797 2633 Dolor

215 2653 367 2704 renovatus
380 2653 442 2703 erat
457 2646 502 2716 ei;
522 2647 599 2719 quia,
621 2663 704 2719 quem
717 2651 796 2720 prins

217 2719 347 2776 doluerat
369 2719 546 2787 deiunctum,
579 2735 656 2775 nuno
683 2719 797 2776 dolebat

214 2791 350 2848 ablatum.
371 2793 404 2846 Et
426 2790 479 2847 iste
504 2791 587 2848 dolor
605 2791 696 2864 major
724 2796 795 2862 crat,

215 2863 282 2935 qnia
297 2863 402 2920 nullam
429 2862 654 2920 consolationem
674 2864 796 2936 amplius

214 2936 349 2993 babebat.
365 2933 537 3008 Primaergo
554 2937 605 2992 luit
618 2952 702 2993 cerusa
718 2937 795 2994 ‹tolo-

214 3007 254 3064 ris
279 3007 347 3080 qnia
368 3006 461 3063 vivum
486 3006 661 3079 perdiderat,
685 3009 735 3065 sed
760 3009 795 3066 de

215 3081 269 3136 boc
283 3079 381 3136 dolore
397 3078 602 3150 aliquantulam
622 3079 795 3138 consolatio·

214 3168 279 3209 uem
292 3152 426 3218 babebat,
437 3150 574 3222 quoniam
587 3157 731 3209 mortuum
746 3169 793 3210 re·

216 3240 332 3282 manere
347 3223 476 3282 videbat:
490 3240 565 3280 nnnc
578 3229 676 3282 antem
692 3225 727 3282 de
740 3223 793 3282 isto

216 3297 314 3354 dolore
323 3295 463 3352 consolari
472 3299 655 3366 nonpoterat,
664 3297 730 3368 quia
742 3313 794 3354 nec

216 3385 319 3441 corpus
331 3365 457 3424 defuncti
468 3366 641 3424 inveniebat.
652 3369 794 3426 ltletuebat

213 3447 308 3497 antem
329 3454 366 3495 ne
385 3454 466 3495 amor
485 3438 610 3510 Magistri
631 3441 674 3495 soi
693 3439 721 3496 in
740 3456 791 3498 suu

234 3517 330 3569 ectore
344 3509 552 3583 refrigesceret,
568 3526 624 3581 quo
640 3509 700 3567 viso
715 3527 792 3568 reca-

214 3529 345 3641 Fescerel.
363 3583 498 3640 Plorabat
515 3581 612 3651 itaque
632 3581 722 3640 Maria
738 3585 794 3641 Μα-

210 3656 333 3728 gdalena
347 3655 544 3723 vehementer,
559 3652 696 3725 quoniam
710 3656 792 3712 dolor

212 3728 326 3784 additus
335 3734 397 3784 erat
408 3743 492 3800 snper
501 3725 640 3783 dolorem.
653 3729 730 3784 Duos
741 3731 790 3784 ita-

212 3813 268 3870 que
296 3799 411 3856 dolores
439 3800 558 3855 eximios
580 3815 636 3855 uuo
660 3801 792 3871 gestabat

211 3869 307 3938 corde,
326 3886 397 3939 quos
417 3869 549 3936 mitipare
563 3870 697 3943 lacrymis
709 3875 790 3928 vole-

209 3942 267 4004 bat.
288 3941 337 3998 scd
362 3957 418 3997 non
445 3942 575 4012 valebat;
592 3959 624 4000 ac
648 3943 711 4000 ideo
730 3949 790 3999 tota

207 4015 300 4086 posita
323 4011 352 4068 in
368 4013 478 4078 dolore,
500 4021 595 4072 merite
618 4020 647 4072 et
670 4031 789 4086 corpore

192 4084 371 4146 deficiebat.
389 4084 495 4155 etquid
511 4093 619 4156 ageret,
634 4086 787 4143 nesciebat.

209 4159 310 4215 Petrus
321 4155 437 4229 quidem
451 4161 478 4212 et
493 4155 553 4228 ipse
566 4159 690 4215 loannes
702 4158 788 4214 timu-

208 4235 303 4298 erunt,
318 4237 347 4287 et
366 4227 430 4286 ideo
450 4243 509 4284 non
528 4235 684 4298 steterunt;
701 4231 788 4287 llaria

205 4319 264 4361 non
276 4301 407 4365 timebat,
421 4299 489 4373 quia
502 4299 573 4357 nibil
589 4301 790 4372 suspicabatur

206 4377 260 4434 sibi
274 4389 433 4449 superesse,
450 4389 571 4448 proquo
587 4375 688 4431 timere
702 4373 787 4432 debe·
817 4431 820 4452 ⁸

853 2145 902 2201 bat
914 2161 999 2218 super
1012 2145 1119 2202 omnia.
1135 2147 1242 2204 Sensus
1254 2147 1348 2204 nullus
1360 2147 1391 2204 in
1404 2164 1441 2206 ea

853 2221 1039 2287 remanserat,
1062 2233 1146 2274 omrre
1171 2218 1322 2276 consilium
1347 2221 1385 2277 ab
1404 2235 1441 2278 ea

852 2289 988 2360 perierat,
999 2290 1440 2360 spesomnisdoleceratsolum·

853 2362 937 2417 modo
947 2363 1016 2417 llere
1026 2366 1188 2433 supererat:
1203 2386 1214 2408 i
1223 2363 1283 2420 baec
1296 2363 1437 2434 Oripeacs.

889 2453 902 2488 o
918 2435 1062 2489 laesimus
1071 2451 1102 2489 sa
1113 2451 1145 2489 ατ
1157 2451 1329 2496 rnosrrcrsns
1345 2453 1372 2492 ru
1385 2454 1439 2493 no-

852 2521 1008 2574 uusnurun,
1024 2523 1104 2562 mnas
1118 2523 1251 2564 suessos.
1261 2539 1295 2549 -
1309 2511 1380 2564 llum
1394 2525 1439 2564 er·
1510 2581 1512 2584 Ι

851 2593 885 2645 po
900 2581 986 2648 fleret,
1000 2582 1117 2649 propter
1128 2581 1256 2651 corporis
1270 2579 1374 2637 Christi
1389 2581 1440 2638 ab·

852 2647 986 2716 sentiam,
1000 2651 1148 2705 inclinauit
1157 2651 1397 2724 sacorporaliter,
1407 2657 1434 2708 et

849 2723 997 2792 prospectt
1011 2723 1042 2776 ia
1051 2729 1265 2786 monumentum,
1279 2723 1348 2796 quia
1359 2739 1437 2780 scm·

851 2806 903 2863 per
917 2793 1050 2864 sperabat
1077 2791 1118 2850 ibi
1137 2811 1203 2851 enm
1221 2795 1362 2864 invenire,
1387 2796 1438 2852 ubi

851 2877 916 2919 eum
940 2863 1104 2934 sepelierat,
1120 2870 1149 2922 ct
1170 2882 1252 2924 amor
1266 2867 1436 2939 inquisitio-

853 2951 917 2991 nem
939 2936 1157 3008 mnltiplicabat.
1180 2941 1258 2996 Sicut
1275 2939 1352 2996 enim
1371 2955 1435 3010 nos,

851 3023 914 3064 cnm
930 3008 1055 3080 aliquam
1067 3025 1126 3065 rem
1159 3009 1436 3082 erdimns,quamris

851 3079 906 3136 bno
921 3079 989 3137 illuc
1006 3095 1123 3152 quaeren
1146 3099 1163 3139 o
1178 3081 1383 3152 discurramus,
1397 3089 1439 3140 ta·

851 3167 917 3209 men
932 3152 1046 3209 adeum
1062 3152 1155 3210 locum
1170 3170 1245 3238 saepe
1256 3155 1435 3227 respicimus,

850 3225 897 3280 ubl
913 3240 976 3281 cam
989 3224 1123 3282 babuisse
1137 3225 1341 3297 memmimus3
1358 3227 1436 3284 itaet

850 3295 1019 3353 baecmulier
1034 3297 1164 3369 quamvis
1174 3297 1360 3371 liucillucque
1375 3315 1436 3356 cor·

849 3381 902 3438 pus
924 3367 1037 3424 Dorrrini
1053 3375 1208 3441 quaereret,
1224 3370 1308 3428 anxia
1335 3377 1434 3428 tamen

849 3439 884 3495 de
899 3438 986 3510 ipsius
998 3441 1130 3500 absentia
1144 3443 1434 3514 lrecquenttusmonn-

849 3519 977 3590 mentum
992 3512 1160 3586 aspiciebat,
1171 3514 1217 3572 ubi
1231 3531 1295 3572 eum
1307 3514 1432 3588 positum

848 3591 976 3640 noverat.
994 3585 1073 3641 Unde
1094 3587 1264 3656 draport'us:
1290 3609 1305 3639 «
1320 3587 1433 3644 Amanti

848 3655 933 3712 semel
949 3654 1094 3728 aspexisse
1107 3674 1164 3714 non
1179 3657 1295 3728 solllcit,
1307 3657 1377 3730 qnia
1392 3661 1433 3716 vis

846 3725 953 3782 amoris
968 3727 1155 3785 intentionem
1167 3729 1334 3802 multiplicat
1343 3729 1432 3802 inqul-

845 3798 966 3855 sitionis.
981 3799 1115 3866 Quasivit
1125 3819 1193 3874 crgo
1207 3801 1299 3874 prius,
1311 3807 1338 3858 ct
1348 3802 1433 3858 mini·

845 3885 891 3926 me
907 3869 1025 3938 invenit,
1035 3873 1225 3953 perseveravit
1236 3879 1267 3930 ut
1278 3880 1432 3946 quareret,

846 3943 920 3998 tande
936 3941 1057 4014 ccintigrt
1067 3943 1091 4000 ei
1105 3951 1135 4002 ut
1148 3944 1306 4014 inveniret3
1321 3953 1432 4002 actum·

845 4031 899 4084 qne
922 4021 966 4071 est
991 4025 1022 4071 nt
1048 4015 1192 4074 desideria
1211 4015 1299 4075 dilala
1319 4034 1433 4074 cresce-

844 4091 918 4154 rent,
935 4093 963 4142 et
978 4088 1134 4144 crescendo
1148 4099 1284 4161 caperent
1298 4091 1375 4160 quod
1392 4090 1432 4145 in·

844 4163 997 4215 uenissent.
1014 4160 1117 4216 Sancta
1130 4175 1208 4216 enim
1223 4160 1368 4217 desideria
1387 4160 1431 4218 di·

843 4230 950 4287 latione
971 4237 1114 4294 crescunt,
1130 4231 1154 4288 si
1175 4239 1270 4289 antem
1294 4232 1433 4290 dilatione

843 4301 989 4360 dellcinnt.
1006 4301 1150 4360 desideria
1165 4319 1220 4360 non
1235 4305 1360 4363 luerunt.
1374 4307 1433 4362 lloc

843 4389 942 4431 amore
969 4373 1050 4446 arsit,
1076 4375 1206 4450 quisquis
1233 4377 1269 4434 ad
1294 4381 1431 4434 uirtutem
