3104 5034
173 420 221 474 260
488 413 644 468 sedulle
671 410 789 464 elnrts
817 406 921 457 Chl'U'l
950 407 1094 461 lxlxlll

177 523 270 591 ipsum
286 518 408 573 arbitror
431 514 574 580 mundum,
595 515 623 570 id
644 519 687 570 est
707 516 759 570 ho-

178 591 270 648 miues
292 590 375 660 hujus
395 586 502 652 muudi,
518 603 614 656 capere
625 603 703 657 posse
717 601 760 640 cos

179 665 228 734 qui
249 661 478 720 scribendi-suot,
493 659 586 712 libros.
604 660 665 714 h'ou
684 657 760 713 enim

180 732 272 805 spatio
287 733 413 788 locorum
428 729 601 784 credendum
617 734 657 783 est
673 745 762 784 ntun-

180 804 247 861 dum
267 817 368 874 capere
393 817 449 856 nou
466 813 566 870 posse,
583 801 648 871 quia
674 799 703 855 in
728 816 761 855 eo

181 877 266 932 scribi
297 889 355 930 uon
377 877 504 944 possent,
532 871 555 928 si
577 871 681 940 scripta
707 887 763 926 uon

180 947 268 1004 terret
282 963 289 1014 ;
307 946 355 1000 sed
372 941 527 1014 capacitate
544 941 702 998 intellectus
718 943 763 997 le-

182 1017 309 1090 gentium
324 1021 352 1071 et
370 1012 545 1070 audientium
561 1019 589 1070 et
605 1014 699 1085 quoad
714 1012 763 1068 iu-

181 1088 378 1148 credulitatem
394 1083 551 1140 inlidelium
563 1092 590 1140 et
602 1087 695 1156 quoad
707 1101 764 1156 my-

181 1159 268 1217 steria
280 1163 308 1214 et
323 1172 435 1213 sensum
445 1157 646 1226 comprehendi
661 1157 764 1212 tortas-

182 1247 212 1287 se
230 1246 287 1285 uon
308 1231 431 1301 possent.
448 1228 532 1282 Facta
544 1227 619 1282 euim
636 1232 664 1282 et
679 1227 764 1284 verba

182 1299 286 1358 Christi
302 1316 358 1356 nou
374 1301 444 1354 sunt
454 1297 763 1366 hoministantum,secl

183 1371 285 1440 etDei;
300 1370 366 1443 quia
389 1370 418 1425 iu
441 1368 490 1424 illo
516 1368 678 1425 humanitas
703 1373 765 1425 erat

182 1459 320 1516 organum
332 1439 504 1508 dit·iuilatis;
519 1450 546 1496 et
556 1439 620 1496 ideo
633 1457 690 1496 nou
703 1457 765 1512 pos-

182 1515 299 1572 suntad
318 1513 433 1586 plenum
449 1513 484 1569 ab
499 1511 662 1568 hominibus
676 1511 763 1584 expli-

180 1585 249 1650 cari,
276 1585 424 1642 ueletiam
448 1584 661 1656 comprehendi,
690 1583 765 1653 quod

180 1663 259 1731 patet
271 1673 304 1714 err
318 1658 383 1725 hoc,
395 1657 499 1727 quoda
514 1655 651 1726 principio
670 1655 764 1711 Eccle-

178 1730 228 1786 siae
254 1733 400 1796 coeprerunt
425 1729 513 1782 sancti
529 1727 659 1782 doctores
677 1727 765 1781 lihros

182 1800 308 1856 scrihere
327 1799 364 1854 ed
379 1796 595 1866 explicationem
612 1797 764 1853 verborum

181 1877 209 1927 et
223 1871 361 1926 laetorum
377 1867 492 1934 Christi,
510 1873 537 1922 et
553 1868 645 1924 alhuc
659 1869 694 1923 acl
708 1869 766 1938 ple·

180 1957 248 2000 num
264 1957 319 1996 nou
336 1947 402 1996 sunt
414 1939 564 2006 elucidata,
581 1938 637 1996 imo
653 1939 676 1996 si
687 1955 766 1995 mun·

179 2014 231 2070 dos
244 2012 417 2138 duraretper
427 2011 503 2067 mille
516 2010 604 2066 millia
614 2027 765 2082 annorum,

183 2093 211 2142 et
233 2100 346 2156 semper
381 2082 434 2140 ibri
461 2082 663 2148 scriberentur,
683 2097 765 2138 num·

181 2156 316 2228 quemad
332 2155 444 2226 plenum
461 2154 682 2211 elucidarentur.
702 2157 765 2210 Ete-

181 2227 250 2296 nim,
266 2227 338 2284 siout
362 2227 468 2282 dictum
492 2233 545 2294 est,
560 2228 635 2282 t'acta
653 2230 719 2282 suut
739 2229 767 2282 et

181 2298 257 2355 dicta
272 2298 333 2366 Dei,
348 2314 411 2370 quse
425 2302 491 2354 sunt
507 2299 589 2354 uobis
605 2296 766 2364 incompre-

180 2368 342 2436 hensibilia,
366 2377 481 2439 propter
504 2383 603 2424 eorum
628 2368 765 2424 excelleu-

180 2439 261 2508 tiam‚
282 2444 412 2508 respectu
435 2437 595 2494 intellectus
617 2437 766 2506 nostri3et

182 2510 246 2567 ideo
262 2509 399 2566 debemus
409 2509 572 2580 subjugare,
585 2516 614 2565 et
625 2513 767 2580 captivare

183 2580 359 2637 intellectum
387 2585 516 2634 nostrum
542 2579 571 2634 in
599 2579 766 2650 obseouium

184 2647 298 2718 Christi,
314 2655 346 2706 ut
360 2648 385 2704 ei
401 2651 589 2705 assentientes
605 2666 653 2718 per
670 2651 767 2720 fidem,

186 2738 248 2794 quae
264 2725 308 2778 est
322 2719 527 2791 iurenigmate,
542 2721 656 2777 laudem
674 2725 767 2777 verriu-

187 2809 251 2850 mus
262 2793 298 2850 ad
308 2791 559 2864 contemplandum
571 2808 635 2848 eum
651 2793 720 2849 lacie
733 2793 768 2850 ad

186 2864 297 2922 faciem.
320 2865 409 2932 Unde,
430 2864 585 2920 seeundum
606 2865 769 2934 chrysosto-

187 2954 271 3000 mum,
283 2953 334 2993 uec
345 2938 405 3009 ipse
417 2937 552 3005 loannes,
562 2953 614 2992 neo
624 2936 671 2993 alit
684 2939 771 2993 Evan-

186 3007 294 3081 gelistae
324 3008 419 3064 «imula
447 3007 600 3076 dixerunt3
629 3011 678 3064 soil
707 3024 770 3080 quae

188 3085 269 3137 eraut
287 3079 456 3136 sullicieulia
472 3080 615 3135 attrahere
632 3080 667 3134 ad
684 3080 770 3135 fidem

186 3150 360 3208 audientes:
378 3149 512 3222 quoniam
534 3150 582 3221 qui
604 3166 663 3206 uon
678 3151 769 3207 credi·

188 3223 230 3279 dtt
244 3221 290 3279 his
305 3238 359 3294 qua
379 3221 454 3278 dicta
474 3229 548 3290 suut,
565 3237 657 3292 neque
681 3222 770 3292 pluri-

817 511 1404 586 etomniumEvangelistarumesteadem.

818 583 924 640 scilicet
943 589 1048 640 suoctae
1063 583 1208 640 Trinitatis
1225 585 1406 654 mysterium,

818 655 944 712 Christus
967 655 1122 710 secundum
1148 655 1278 710 divinam
1310 659 1338 709 et
1364 654 1410 708 hu·

819 743 931 782 mauarn
947 731 1089 793 naturam,
1103 725 1179 782 dicta
1199 733 1227 782 et
1244 727 1325 781 tarta
1340 725 1408 795 eius,

819 797 997 869 aliorumque
1012 798 1088 854 dicta
1102 801 1130 852 rt
1145 799 1218 854 lacta
1238 799 1278 853 ad
1293 796 1387 868 ipsum
1402 811 1409 850 :

819 885 919 925 omnes
942 869 1019 926 euim
1039 875 1128 940 agunt
1153 869 1289 934 deletis,
1319 872 1348 924 et
1371 871 1412 922 est

819 943 939 996 materia
954 942 1079 997 istorum.
1102 940 1222 996 lotentio
1245 955 1320 996 vero
1336 945 1365 994 et
1379 938 1412 993 li·

820 1010 863 1066 nis
877 1011 1006 1068 omnium
1022 1018 1075 1080 est,
1090 1027 1140 1083 per
1156 1011 1260 1068 Christi
1276 1017 1363 1082 gesta
1377 1015 1414 1065 et·

820 1098 875 1153 que
888 1083 1057 1144 doctrinam.
1069 1083 1154 1139 fidem
1168 1085 1203 1139 de
1216 1099 1252 1139 eo
1270 1089 1414 1160 astruere,

821 1155 894 1224 quod
910 1170 942 1210 ex
959 1155 1015 1210 line
1038 1153 1102 1210 libri
1120 1153 1239 1210 loannis
1254 1153 1415 1227 perpendi·

820 1230 877 1292 tur,
899 1224 947 1281 uhi
968 1224 1090 1283 dicitur:
1112 1228 1174 1281 llere
1192 1233 1290 1281 uatem
1310 1229 1416 1294 scripta

820 1301 894 1363 sunt,
906 1301 937 1352 ut
951 1297 1081 1364 credetis,
1092 1296 1199 1352 scilicet
1215 1297 1275 1353 llde
1292 1298 1416 1352 formata

821 1367 950 1435 caritate,
965 1372 1032 1438 quio
1042 1371 1120 1424 lesos
1134 1373 1172 1423 est
1184 1369 1319 1425 Christus
1329 1369 1415 1423 Filius

820 1443 879 1504 Det,
895 1439 1001 1495 seilicet
1014 1438 1160 1508 naturalis,
1175 1438 1204 1495 iu
1219 1435 1415 1512 potentiasibi

821 1510 950 1593 aequalis,
966 1517 994 1567 et
1016 1527 1066 1583 per
1087 1527 1269 1580 consequens
1290 1514 1370 1567 idem
1390 1508 1417 1591 iu

821 1584 945 1650 deitate,
962 1583 1030 1653 quia
1045 1587 1148 1638 natura
1163 1581 1261 1640 divina
1276 1588 1325 1640 est
1344 1581 1416 1639 indr-

821 1653 950 1709 visihilis.
971 1653 1109 1717 Credatis.
1129 1658 1256 1725 iuquam,
1275 1657 1369 1711 corde
1383 1651 1417 1708 ad

823 1725 968 1788 'ustitiam
990 1732 1017 1780 ct
1032 1742 1081 1782 ore
1100 1726 1299 1783 conliteamiui
1315 1726 1354 1782 ad
1374 1741 1417 1779 sa·

834 1803 920 1864 ulem,
936 1813 1021 1868 opere
1038 1797 1219 1854 ostendentes
1233 1799 1271 1853 ad
1292 1799 1417 1854 fructum

822 1869 886 1924 ritae
903 1885 910 1924 ε
926 1867 992 1940 qtria
1006 1869 1074 1937 tides
1087 1871 1146 1924 sine
1159 1871 1290 1938 operibus
1306 1874 1417 1924 mortuo

822 1946 871 1995 est.
897 1941 967 1996 Ecce
989 1941 1141 2011 Scripturae
1165 1940 1285 2010 utilitas,
1308 1938 1417 1998 scilieet

823 2012 940 2067 ellectus
956 2010 1036 2078 lidei3
1053 2012 1089 2067 ed
1105 2012 1158 2067 hoc
1170 2011 1244 2067 enim
1259 2013 1416 2069 ordinatur

823 2087 882 2138 totu
902 2081 1047 2154 Scriptura
1061 2082 1129 2138 Novi
1144 2089 1173 2139 et
1187 2084 1301 2141 Veteris
1320 2087 1416 2140 Testa·

823 2153 922 2210 menti.
939 2155 1028 2221 Quem
1041 2159 1134 2210 autem
1151 2154 1306 2212 utilitatem
1319 2173 1353 2212 ex
1366 2156 1415 2209 hac

823 2225 988 2281 credulitate
1006 2241 1225 2297 consequamur,
1241 2227 1415 2283 manifesta-

823 2301 878 2363 tur,
890 2312 953 2352 cum
964 2297 1145 2368 subjungitur
1158 2314 1165 2352 ε
1177 2301 1213 2354 Et
1221 2305 1251 2354 ut
1261 2301 1414 2364 credentes,

823 2371 919 2435 uttam,
940 2367 1048 2424 scilicet
1067 2375 1203 2424 aetcruam
1219 2367 1248 2426 iu
1263 2386 1325 2442 qua
1340 2369 1414 2425 clare

823 2439 931 2495 videbis
951 2439 1027 2510 quod
1042 2455 1116 2497 nuuc
1133 2439 1268 2510 creditur,
1285 2441 1414 2497 habeatis

825 2526 900 2567 nuuc
914 2510 941 2566 io
956 2526 1016 2583 spe,
1033 2519 1061 2568 et
1074 2510 1105 2566 in
1125 2511 1220 2568 luturo
1242 2511 1272 2568 in
1291 2530 1348 2582 re;
1372 2508 1412 2566 vel

824 2587 854 2638 ut
865 2583 1002 2638 credentes
1016 2586 1102 2638 eitum
1112 2584 1247 2653 habeatis,
1264 2585 1312 2640 hic
1327 2591 1413 2639 etlam

822 2653 950 2726 justitiae,
965 2670 1028 2726 quae
1043 2655 1165 2711 habetur
1179 2670 1231 2726 per
1247 2655 1349 2724 tidem,
1360 2656 1413 2726 ju-

824 2731 883 2781 stos
897 2729 971 2781 enim
1000 2742 1033 2781 ee
1051 2727 1106 2795 {lde
1125 2730 1207 2792 olvit,
1230 2732 1258 2782 et
1273 2730 1299 2782 in
1318 2731 1412 2784 luturo

825 2796 910 2852 vitam
938 2795 1009 2869 spei,
1036 2813 1100 2869 que
1125 2798 1247 2854 hahetur
1270 2814 1324 2871 per
1348 2797 1413 2870 glo-

825 2867 913 2937 riam3
931 2876 960 2925 et
974 2869 1028 2924 hoe
1044 2873 1074 2923 in
1096 2872 1205 2925 nomine
1223 2870 1293 2938 ejice,
1319 2871 1349 2926 id
1373 2872 1413 2924 ea

825 2955 876 3011 per
891 2941 975 2995 tidem
992 2939 1116 2996 nominis
1134 2940 1236 2998 Christi
1254 2959 1260 2997 :
1277 2941 1412 3013 quianon

825 3012 905 3066 ettad
927 3028 1023 3067 nomen
1042 3017 1082 3068 est
1097 3013 1147 3068 sub
1167 3015 1231 3068 celo
1248 3014 1347 3070 dutum
1367 3014 1411 3066 lto·

825 3083 957 3147 minibus,
978 3085 1009 3138 in
1027 3100 1080 3154 quo
1101 3089 1225 3155 oportent
1248 3101 1302 3140 non
1321 3085 1413 3138 saluos

824 3157 904 3224 fiere]
923 3153 1025 3210 virtute
1039 3169 1108 3226 ergo
1126 3155 1250 3213 nominis
1264 3154 1371 3212 Christi
1386 3157 1410 3209 et

826 3224 990 3291 silvatoris,
1001 3227 1124 3282 habetur
1134 3227 1191 3283 vita
1203 3233 1319 3284 aeterua.
1334 3225 1410 3284 Unde

188 3295 240 3352 hus
256 3293 402 3360 attendct3
418 3293 465 3364 qui
487 3308 552 3348 vero
569 3295 628 3349 haec
643 3294 769 3366 suscipit,
824 3295 949 3354 loannes
966 3296 1007 3353 ait
1023 3315 1029 3353 :
1046 3301 1108 3354 llaeo
1122 3304 1163 3356 est
1177 3302 1236 3354 otto
1253 3306 1366 3366 eterna,
1382 3299 1410 3351 ut

189 3366 266 3422 nulle
279 3363 417 3435 indigebit
429 3363 485 3420 alia
499 3363 527 3419 iu
545 3363 732 3420 liberatione.
825 3374 987 3436 eopnoscunt
1005 3375 1032 3424 te
1052 3386 1145 3424 oerum
1166 3374 1258 3431 Deum.
1283 3375 1309 3425 et
1332 3383 1409 3442 quem

224 3457 238 3493 α
253 3437 318 3504 Qum
332 3453 421 3492 suren
436 3452 544 3491 sumere
560 3453 627 3492 sunr
641 3453 675 3491 eu
691 3438 771 3492 moen
825 3441 928 3494 misisti
943 3442 1035 3495 lesum
1050 3442 1198 3499 Chn'stum.
1213 3440 1290 3497 Finis
1306 3442 1409 3513 itaque,

188 3525 364 3565 nsrnusrtomr
377 3524 409 3563 er
424 3521 544 3562 susurru
560 3524 772 3569 conseousnusu
796 3518 799 3555 l
827 3509 855 3564 id
875 3514 918 3566 est
938 3511 1032 3567 finalis
1056 3527 1142 3569 causa
1167 3515 1240 3569 Euan
1263 3511 1321 3580 elii,
1342 3517 1407 3570 est:

185 3597 318 3637 renuunr.
335 3610 366 3619 -
379 3581 497 3634 Tantum
512 3575 588 3633 enim
603 3579 772 3650 conscripse·
828 3597 897 3636 sane
912 3582 1039 3650 credere,
1056 3589 1084 3639 et
1099 3585 1223 3655 perfecte
1239 3529 1368 3656 diligere,
1383 3584 1410 3637 et

187 3657 264 3720 runt,
285 3655 421 3722 truentum
442 3649 477 3705 ad
492 3648 577 3706 fidem
596 3649 771 3706 credentium
827 3653 1205 3726 sacramentisinsigniri3et
1214 3657 1314 3711 horum
1325 3655 1408 3712 trium

186 3721 316 3778 sulficere
333 3738 413 3792 posse
428 3725 639 3792 coguoverunt;
662 3725 690 3776 ct
708 3720 772 3778 ideo
828 3723 921 3779 finatis
935 3740 1021 3781 causa
1035 3733 1078 3782 est
1094 3726 1151 3782 rita
1163 3733 1278 3782 aeterna.
1296 3728 1336 3783 Ad
1351 3728 1408 3783 hec

185 3807 276 3918 Rauca
291 3793 326 3849 de
335 3793 469 3874 pluribus
485 3792 645 3874 elegerunt,
657 3799 688 3848 ut
703 3793 772 3850 laci·
798 3795 801 3832 l
827 3794 931 3866 quippe
947 3795 1130 3867 adipiscenda
1143 3799 1194 3854 luit
1210 3797 1330 3854 intentio
1342 3794 1407 3854 scri·

207 3879 238 3918 us
252 3865 456 3936 rutelhgantur,
472 3879 506 3920 ac
518 3864 681 3936 dihgonhus
695 3881 772 3936 quae-
797 3878 800 3926 t
826 3867 893 3922 here
911 3874 940 3922 et
953 3867 1108 3938 praedicare
1123 3869 1286 3937 Evangelia,
1303 3867 1407 3925 Veteris

187 3939 298 4001 rentur,
318 3934 374 3988 hdo
398 3935 552 3992 credantur
575 3940 603 3991 et
626 3937 772 3994 memorie
797 3942 799 3957 '
826 3937 940 4009 quidem
957 3939 1129 3996 'testamenti
1147 3939 1264 3996 iulemio
1279 3944 1333 4008 est,
1349 3943 1407 3997 No·

183 4005 342 4061 tradantur.
360 4005 439 4060 Unde
455 4010 629 4073 Aupusttnus
646 4024 653 4062 ε
669 4028 682 4059 o
701 4009 770 4064 Cum
796 4007 798 4107 l
826 4012 1113 4068 vumlostamentum
1126 4010 1224 4084 liguris
1235 4018 1262 4068 et
1274 4013 1407 4084 aenigma·

184 4076 275 4133 mulla
298 4077 410 4156 lecisset
437 4076 575 4132 Dominus
595 4080 687 4147 lesus,
714 4096 771 4135 nou
795 4110 798 4139 l
826 4081 901 4136 tibus
915 4083 1125 4148 demonstrare:
1145 4083 1288 4156 Evangelii
1302 4091 1406 4151 autem,

183 4149 281 4206 omnia
296 4153 487 4219 scriptasunt3
499 4148 661 4204 electasuot
674 4157 769 4206 autem
795 4150 798 4199 l
824 4152 860 4206 ad
872 4158 988 4209 aeterne
1002 4153 1186 4210 beatitudinis
1199 4155 1318 4228 gloriam
1334 4171 1408 4212 meu·

182 4237 245 4305 quae
259 4221 460 4302 scriberentur,
475 4233 538 4288 quae
551 4219 634 4276 saluti
650 4222 769 4277 creden·
825 4224 1187 4282 teshumaueseccentlere.
1199 4225 1280 4282 Fides
1288 4241 1356 4298 ergo
1367 4241 1406 4282 re·

181 4299 251 4365 hum
267 4291 594 4374 sulllcererrdebantur:
607 4310 620 4340 u
638 4291 699 4348 hoec
711 4297 770 4374 ,tu-
825 4294 939 4362 tholica,
959 4295 987 4350 id
1008 4301 1051 4352 est
1074 4295 1253 4365 universalis,
1277 4299 1407 4354 omuibus

178 4373 315 4435 postibus.
342 4367 458 4422 lllatena
483 4362 598 4436 quidem
621 4362 765 4435 Evangelii
792 4392 795 4420 t
824 4371 868 4422 est
890 4367 1051 4426 necessaria
1070 4368 1106 4425 ad
1126 4371 1223 4437 vitam,
1243 4374 1271 4426 et
1290 4369 1407 4426 salutem

1519 984 1525 1065 i

1523 1088 1526 1132 t
