3036 5042
445 429 486 484 lib
514 430 625 484 Pltllll·
654 431 686 484 ttt
715 429 877 485 listloltl}
908 430 1032 484 bolllll.
1321 433 1349 486 61

765 535 963 593 immaculatus
989 537 1087 608 Agnus
1110 541 1153 592 est
1171 539 1288 664 passus.
1309 540 1351 596 Tu

130 539 227 609 rogata
242 535 437 608 responderet,
448 549 499 591 nec
513 539 613 593 contra
628 551 711 593 accu-

128 615 235 666 satores
246 623 313 664 suos
323 605 464 679 aliquibus
476 607 710 680 responsionibus

128 696 157 737 se
168 680 342 748 detenderet,
357 677 499 751 reputavit
512 696 577 736 eum
592 679 709 736 idiotam

127 769 158 810 ac
173 753 288 812 latuum.
300 756 327 807 et
338 767 394 806 non
405 766 482 807 sanae
494 751 649 820 mentis,ac
659 767 710 822 pur

127 824 179 880 hoc
199 825 303 895 sprevit
324 823 413 889 ittam,
428 839 489 880 cnm
507 827 630 879 aconita
649 839 708 891 suo,

127 900 155 952 ut
165 911 263 952 omnes
273 893 302 950 in
312 894 412 950 eadem
426 895 508 967 culpa
521 901 710 952 monstraren-

126 973 170 1024 tur
193 983 254 1024 esse
273 981 367 1038 pares.
387 965 432 1022 Sic
450 965 535 1023 hodie
555 971 710 1024 sectatores

125 1036 515 1098 Christiamaltshominibus
523 1043 708 1110 spernuntur,

127 1115 154 1168 et
167 1111 203 1167 ab
216 1109 258 1166 eis
270 1107 341 1165 latui
357 1115 534 1181 reputantur.
545 1113 643 1167 lesum
658 1111 709 1166 ho·

127 1181 171 1239 die
189 1179 272 1238 multi
288 1195 351 1237 cum
369 1181 480 1238 Herode
499 1187 648 1254 spernunt,
661 1179 709 1253 qui

127 1255 206 1326 signa
233 1251 295 1308 lieri
330 1259 477 1323 quarunt,
504 1257 710 1324 conquerentes

128 1325 203 1397 quod
216 1327 302 1381 modo
316 1323 452 1381 miracula
465 1326 500 1381 ab
514 1341 548 1382 eo
559 1341 616 1381 non
628 1325 710 1394 liunt,

128 1413 190 1454 cnm
205 1397 291 1452 modo
306 1411 363 1451 non
379 1394 415 1451 sit
430 1401 539 1469 tempus
554 1395 710 1469 signorum,

128 1469 174 1526 sed
190 1483 321 1540 operatu.
338 1467 417 1524 Unde
431 1467 566 1524 Dominus
582 1485 589 1524 ε
605 1469 711 1524 liabent

129 1544 237 1610 lloysea
258 1544 285 1594 et
307 1541 468 1610 Prophetas,
484 1541 603 1595 audiant
620 1543 710 1612 ipsos:

130 1610 212 1668 modo
227 1615 325 1668 autem
340 1616 445 1682 prester
458 1611 519 1667 baee
534 1612 672 1668 habemns
684 1616 713 1668 et

128 1682 324 1755 Evangelium,
341 1685 368 1736 et
384 1683 562 1755 Apostolum,
577 1687 606 1739 et
619 1684 713 1740 adhuc

128 1755 207 1828 signa
217 1753 386 1828 quaerimus,
397 1771 453 1810 non
464 1754 648 1826 Evangelium
658 1754 712 1810 im-

128 1827 245 1899 plemus,
254 1825 307 1882 scd
318 1825 487 1896 spernimus.
496 1827 574 1882 -Ex
584 1825 713 1883 horarii-

128 1900 188 1955 sulo
206 1895 400 1970 despectionis
418 1896 542 1954 trahitur
556 1898 714 1956 documen-

129 1977 196 2038 tum,
206 1969 283 2041 quod
299 1985 349 2026 nos
359 1967 452 2040 potins
467 1969 537 2026 velle
550 1970 686 2026 debemus
698 1986 715 2026 a

130 2041 209 2098 malis
227 2039 347 2112 despici,
368 2055 452 2111 quarn
467 2042 503 2098 ab
521 2041 715 2098 adulatoribus

129 2111 246 2181 laudari,
259 2109 479 2169 sicutltominus
491 2117 603 2182 noster3
616 2112 674 2185 qni,
685 2117 717 2169 ut

130 2184 169 2241 ait
191 2185 351 2252 Creporius.
369 2181 460 2256 magis
477 2183 600 2256 eligebat
617 2191 715 2258 aperte

132 2273 148 2314 a
162 2253 395 2328 superbientibus
406 2255 524 2328 despici,
535 2273 620 2328 quam
632 2272 717 2314 anon

131 2327 312 2385 credentibus
324 2342 413 2384 uacua
427 2343 495 2384 voce
509 2328 630 2386 laudari.
641 2331 715 2392 lese,

131 2403 178 2472 qui
195 2402 231 2455 nt
247 2399 356 2455 Herode
375 2407 401 2456 et
422 2403 543 2456 exercitu
559 2417 607 2456 suo
624 2403 718 2472 sperni

130 2489 181 2527 non
194 2473 339 2544 sprevisti,
354 2469 392 2526 do
405 2473 475 2526 milti
489 2473 660 2528 mutationum
673 2474 717 2541 so·

130 2550 200 2598 stam
210 2545 361 2614 despicere,
372 2548 397 2598 et
407 2545 566 2613 iniquorum
576 2545 717 2616 despectas

132 2631 179 2687 pro
190 2615 378 2685 justitiarios
394 2631 500 2670 rurore.

170 2689 309 2760 17Vesra
332 2702 403 2742 unsa
426 2688 558 2744 Cnursrus
577 2705 716 2757 tnnurrnn,

132 2775 161 2814 an
176 2775 240 2822 ouru
256 2775 309 2814 rea
325 2775 377 2812 noc
390 2775 533 2816 sicherus.
549 2789 581 2799 -
595 2761 655 2816 Non
671 2776 717 2816 so·

131 2829 187 2886 lum
203 2835 303 2886 autem
320 2829 445 2887 ilerodes
459 2847 524 2888 eum
537 2831 653 2904 sprevit,
667 2833 716 2888 sed

131 2907 155 2956 et
167 2903 259 2958 illusit
275 2901 403 2956 indutum
417 2908 490 2957 veste
502 2903 576 2972 olba,
586 2911 613 2959 et
624 2902 717 2959 hocin

132 2972 306 3030 derisionem
321 2977 349 3028 et
362 2971 473 3046 signum
484 2972 634 3037 illusionis,
647 2974 718 3031 sicut

133 3044 200 3101 latui
211 3043 411 3116 solentaliqua
421 3048 498 3102 vaste
508 3045 618 3102 ludicra
629 3044 717 3115 indui,

134 3131 189 3187 qua
207 3122 418 3188 cognoscantur
436 3117 472 3173 ab
491 3116 569 3186 aliis;
596 3121 624 3174 et
646 3118 719 3174 torte

134 3192 200 3244 tunc
212 3185 352 3260 temporis
364 3186 532 3245 derisorium
542 3187 595 3246 luit
606 3193 720 3260 portare

134 3259 255 3331 desuper
281 3263 387 3316 restem
412 3260 518 3329 albam,
533 3275 566 3316 eo
586 3261 661 3331 quod
680 3261 720 3316 sic

135 3329 305 3387 illuderetur
323 3337 391 3387 tunc
409 3331 513 3388 fatuus.
539 3334 604 3388 liaec
623 3339 719 3388 autent

135 3401 342 3471 restiserat,ut
352 3401 511 3472 dieitur,ad
521 3404 637 3460 modum
653 3419 720 3460 sca-

137 3473 241 3544 pularis
265 3473 481 3546 religiosorum,
505 3473 566 3532 sine
590 3474 719 3547 caputio,

136 3545 327 3674 dependensa
337 3545 410 3603 collo
424 3551 489 3602 ante
501 3551 529 3602 et
541 3549 627 3603 retro.
639 3549 721 3602 Forte

137 3633 167 3673 sn
189 3616 227 3674 ito
245 3617 356 3689 peciam
375 3617 461 3690 panni
477 3617 534 3675 albi
548 3617 721 3691 accipientes

136 3687 264 3745 toramen
283 3688 312 3745 io
333 3690 429 3746 medio
453 3691 514 3761 eius
538 3691 677 3758 lecerunt,
694 3694 723 3746 et

138 3757 177 3815 sic
189 3760 263 3816 collo
276 3775 327 3817 sno
342 3759 548 3831 imposuerunt.
565 3761 620 3819 Sed
636 3777 724 3832 quan·

138 3835 322 3904 tunicamque
332 3833 460 3889 Herodes
472 3833 526 3889 hoc
540 3832 570 3890 in
584 3831 722 3889 illusioni·

139 3902 191 3958 bus
214 3901 324 3973 fecerit,
349 3920 407 3960 non
431 3908 527 3960 tamen
550 3921 567 3960 a
589 3906 724 3976 mysterio

141 3979 230 4042 tacet,
242 3973 315 4031 sicut
328 3983 357 4032 et
372 3974 469 4032 omnia
483 3975 539 4032 alia
554 3975 629 4032 eirca
643 3976 724 4032 Chri-

140 4045 175 4099 sti
198 4046 364 4103 Passionem
387 4053 478 4120 gesta.
496 4049 527 4102 ln
551 4055 629 4103 reste
648 4047 726 4103 enim

141 4115 215 4187 alba,
230 4116 393 4176 innocentia
406 4123 435 4174 et
449 4119 563 4175 castitas
575 4123 726 4190 assumptae

140 4187 325 4246 humanitatis
340 4195 368 4246 et
382 4189 474 4262 gloria
489 4191 569 4262 regui
582 4189 728 4246 immorta-

143 4257 187 4328 lis,
204 4275 289 4332 quam
303 4277 355 4334 per
372 4261 538 4319 Passionem
554 4261 662 4333 aceepit
676 4261 727 4318 de·

144 4328 285 4413 signatum
302 4339 330 4389 et
344 4333 420 4405 quod
437 4349 488 4406 pro
503 4332 628 4407 peccatis
642 4333 729 4390 totius

144 4403 241 4460 munda
262 4419 291 4460 ru
314 4421 399 4463 carne
425 4411 502 4463 casta
527 4411 555 4463 et
579 4404 729 4462 innocente

765 623 879 680 quoque
892 624 949 664 non
963 605 1018 664 nisi
1029 606 1057 664 in
1067 612 1145 664 reste
1159 623 1177 664 a
1189 609 1234 677 ba,
1243 609 1351 666 scilicet

765 679 827 736 sinc
838 679 948 737 macula
962 685 991 736 et
1001 695 1086 737 causa
1096 677 1225 737 illudaris
1235 685 1350 753 elsper-

766 750 854 820 uaris,
868 750 996 822 alioquin
1011 751 1104 807 illusio
1124 749 1179 807 erit
1198 751 1248 808 tibi
1266 769 1352 825 poeua

766 823 889 896 peccati;
904 829 932 879 ot
947 821 1037 904 magis
1050 823 1204 879 dolendum
1217 823 1251 879 de
1268 841 1352 882 causa

766 899 794 951 et
816 897 935 952 materia
952 893 1104 961 irrisionis,
1120 909 1207 965 quant
1226 895 1261 952 de
1280 895 1351 952 irri-

767 966 846 1024 sione
862 966 933 1039 ipsa.
951 964 1116 1037 Designavit
1134 981 1202 1037 ergo
1225 968 1351 1024 Herodes

766 1055 818 1096 suo
834 1039 919 1105 lacto,
929 1037 1060 1094 nesciens
1071 1038 1142 1094 lorte
1153 1036 1222 1110 quid
1237 1040 1350 1110 agebat,

767 1111 842 1182 quod
866 1109 993 1168 Christus
1016 1108 1149 1166 albedine
1171 1108 1303 1182 puritatis
1324 1117 1352 1168 et

766 1181 936 1239 innocentiae
955 1179 1073 1238 indutus
1095 1187 1166 1238 erat.
1191 1182 1269 1238 Unde
1287 1184 1353 1238 Am·

769 1255 899 1310 brusias:
922 1273 935 1306 a
957 1255 1018 1310 Non
1043 1252 1166 1309 otiosum
1183 1255 1257 1324 quod
1277 1259 1352 1311 veste

767 1325 833 1383 alba
843 1324 971 1382 induitur
979 1325 1014 1381 ab
1032 1325 1151 1392 Herode,
1162 1323 1353 1382 immaculata

768 1395 1353 1468 tribuensindiciaPassionis,ouodhgtrus

768 1469 819 1528 Dei
840 1468 901 1525 sine
920 1469 1031 1525 macula
1048 1483 1110 1524 cum
1131 1466 1222 1539 gloria
1237 1474 1355 1540 peecata

770 1541 867 1598 mundi
882 1539 1046 1612 susciperet.
1061 1561 1075 1589 »
1094 1541 1171 1596 llauc
1190 1549 1286 1597 autem
1307 1557 1352 1598 ve·

770 1619 841 1670 stem
865 1611 960 1668 albam
978 1617 1166 1683 representat
1184 1611 1269 1668 hodie
1289 1613 1355 1670 alba

770 1682 1354 1755 sacerdotalis.Undemysticenotandum,

770 1758 844 1829 quod
859 1756 987 1811 Pontifex
1001 1760 1098 1812 noster
1111 1753 1137 1811 in
1149 1771 1202 1812 sua
1218 1755 1355 1814 Passioue

771 1826 871 1885 habuit
893 1825 988 1884 omnia
1007 1825 1192 1899 pontificalia.
1213 1826 1355 1884 hmictum

772 1898 906 1970 suscepit,
920 1914 982 1954 cum
997 1898 1105 1955 velatus
1120 1903 1164 1956 est
1177 1915 1274 1956 coram
1290 1897 1355 1956 Cai-

772 1973 828 2044 pha
840 1987 857 2026 a
868 1969 984 2028 Judaeis.
1000 1969 1099 2026 Albam
1112 1971 1222 2038 habuit,
1233 1986 1296 2027 enm
1307 1987 1355 2028 ve·

772 2049 815 2100 ste
827 2042 892 2098 alba
905 2041 1019 2098 indutus
1034 2047 1076 2097 est
1085 2043 1121 2097 ab
1132 2042 1252 2099 Herode.
1267 2041 1356 2098 Casu·

772 2115 828 2171 lam
843 2112 962 2184 acceptit,
971 2129 1035 2169 cum
1047 2112 1151 2168 milites
1161 2111 1357 2170 circumdede-

772 2191 839 2243 runt
852 2184 877 2241 ei
894 2200 1066 2256 purpureum
1082 2186 1293 2253 uestimentum,
1309 2201 1356 2241 ro-

773 2273 834 2314 ram
859 2255 959 2312 Pilato.
985 2257 1029 2324 Et,
1046 2271 1082 2311 ne
1105 2254 1173 2327 quid
1197 2255 1251 2313 sibi
1273 2255 1356 2324 desit,

773 2329 917 2401 cingulum
938 2325 1045 2396 habuit,
1063 2343 1126 2384 cum
1146 2327 1182 2384 ad
1198 2329 1381 2384 columnam·

774 2402 877 2473 ligatus
890 2404 941 2456 cst.
953 2399 1060 2456 Stolam
1073 2399 1181 2468 habuit,
1193 2399 1306 2470 quando
1322 2400 1357 2455 ad

773 2469 1359 2543 collumligatussuitltlanipulumhabuit,

774 2544 886 2618 quaudo
901 2559 965 2599 curn
979 2543 1047 2599 lune
1060 2557 1161 2600 manus
1175 2543 1237 2615 ejus
1252 2541 1358 2614 ligave-

773 2621 853 2684 runt;
869 2615 919 2672 sed
935 2615 1009 2671 hunc
1027 2615 1182 2682 solverunt,
1198 2615 1311 2686 quando
1332 2613 1359 2670 ei
1391 2621 1393 2624 '

774 2685 1358 2755 arundinemindexteramanudederunt,

775 2767 803 2818 et
823 2759 898 2816 lunis
917 2757 1022 2814 mansit
1044 2761 1172 2829 pendens
1189 2760 1216 2814 iu
1232 2756 1359 2824 sinistra,

774 2833 809 2890 ad
825 2831 900 2903 quod
914 2829 1120 2901 designandum
1135 2829 1296 2901 manipulus
1308 2845 1359 2901 po-

775 2903 851 2960 nitur
872 2901 901 2957 in
925 2900 1043 2958 brachio
1070 2900 1195 2958 sinistro.
1219 2903 1359 2959 Coronam

776 2974 903 3047 spineam
915 2988 1000 3044 super
1010 2979 1094 3045 caput
1104 2972 1202 3030 h'abuit
1214 2989 1265 3044 pro
1278 2973 1362 3028 mitra

795 3044 941 3112 ontiheali,
951 3050 980 3101 et
990 3044 1160 3101 arundinem
1170 3043 1201 3100 iu
1213 3059 1298 3101 tnanu
1308 3058 1361 3114 pro

775 3064 878 3176 Baculo
897 3116 1044 3189 pastorali.
1063 3115 1247 3172 Chirotheces
1265 3119 1363 3172 autem

775 3190 876 3246 habuit
894 3197 922 3244 et
937 3187 1076 3256 sandalia,
1090 3202 1154 3243 cum
1172 3185 1363 3256 manassias,

776 3267 805 3318 et
819 3261 905 3331 pedes
918 3261 969 3315 toti
985 3259 1102 3314 luerunt
1117 3260 1254 3329 sauguine
1269 3254 1363 3314 rubri-

777 3332 853 3400 cati;
869 3330 906 3387 ad
920 3330 997 3400 quod
1010 3329 1219 3402 designandum
1233 3327 1364 3386 sandalia

777 3399 1363 3473 debentbabereaperturam,cumulique

777 3477 863 3534 rubro
879 3473 988 3531 sericeo
1002 3489 1106 3545 pauno.
1120 3473 1300 3530 Chirothecae
1312 3472 1365 3528 ha-

777 3549 845 3604 bent
856 3545 941 3604 etiarn
951 3547 1073 3616 desuper
1083 3545 1198 3616 aliquod
1208 3545 1366 3600 monilero-

777 3619 911 3685 tandum,
927 3617 1002 3690 quod
1016 3617 1100 3674 debet
1112 3615 1245 3674 similiter
1257 3616 1366 3672 habore

779 3689 887 3762 aliquid
900 3689 1042 3746 decolore
1056 3690 1153 3756 rubro,
1165 3690 1200 3745 ad
1213 3685 1365 3766 designan-

779 3763 847 3818 dum
873 3760 1007 3832 stigmata
1040 3759 1152 3818 Christi.
1177 3761 1242 3816 llaec
1268 3772 1367 3814 omnia

779 3842 845 3890 suut
861 3833 984 3904 iusignia
996 3831 1180 3903 pontificalia,
1192 3847 1256 3904 quae
1266 3829 1296 3884 in
1308 3843 1367 3884 me·

779 3906 899 3960 moriam
916 3902 1061 3960 Passionis
1076 3902 1180 3960 Christi
1193 3905 1288 3976 gestat
1298 3915 1368 3972 pou-

779 3975 858 4044 tiiex,
879 3975 908 4031 in
933 3974 1149 4032 consecratione
1172 3972 1300 4031 ecclesiae
1313 3968 1367 4052 ‘rel

780 4049 892 4114 altaris;
920 4046 948 4103 in
978 4047 1059 4118 cujus
1087 4046 1174 4104 etiam
1201 4040 1369 4102 memoriale

780 4118 931 4176 coniicitur
943 4125 1157 4175 sacramentum
1166 4117 1275 4174 altaris.
1288 4115 1371 4170 Patet

781 4207 850 4262 ergo
869 4207 902 4246 ex
918 4189 1012 4260 dictis,
1029 4191 1106 4261 quod
1122 4189 1222 4246 illusus
1241 4186 1294 4244 luit
1308 4187 1371 4241 Do-

782 4267 878 4320 minus
902 4261 932 4319 in
955 4261 1033 4320 omni
1051 4267 1129 4318 veste
1143 4267 1171 4318 et
1187 4259 1369 4322 ornamento,

782 4339 839 4390 tam
859 4335 1041 4404 sacerdotali,
1057 4327 1329 4460 ‘luimfffilffifflfii
1343 4331 1373 4406 ct

783 4406 860 4480 qnod
875 4407 954 4478 pejus
966 4411 1021 4478 est,
1037 4405 1125 4463 hodte
1144 4402 1275 4460 tludttur
1293 4415 1319 4456 et
1342 4413 1373 4454 ru
