3124 5038
243 469 401 536 bicubito
431 467 503 522 uuit.
533 465 700 522 irriuuii
727 461 817 520 stri.
847 457 930 512 uisu.
959 456 1000 510 iit
1028 455 1120 511 uiui
1147 448 1257 510 rictu.
1313 444 1359 498 ἴδ’)

133 579 215 640 enini
231 579 260 637 iu
271 575 404 648 Legenda
419 573 492 644 ejus,
505 573 580 645 qnod
596 573 724 630 Christus

131 649 269 726 apparuit
293 649 347 706 eibi
375 647 450 704 circa
473 646 558 702 lliieiii
583 644 647 700 vitae
664 657 722 700 suaa

132 741 201 783 cum
221 719 369 794 discipulis
391 717 459 784 suis,
476 731 579 773 vocatis
598 731 662 772 eum
685 715 722 773 ed

133 796 271 868 gloriam,
286 801 314 850 et
333 791 368 848 ad
382 791 554 862 epulandum
571 803 634 844 oum
656 787 721 842 illis.

134 869 198 926 Sub
211 867 242 922 iit
257 881 325 938 ergo
343 879 349 919 ε
366 863 439 930 Quid
456 861 493 916 ad
508 865 542 926 te,
558 859 665 916 scilieet
678 857 721 913 iii·

133 939 279 1011 vestigare
298 937 334 992 de
354 932 436 1004 ipso?
457 931 528 1000 Quia
549 931 586 988 ad
607 933 722 987 Petrum

135 1027 198 1069 non
215 1007 374 1082 pertinebat
386 1005 458 1060 scire
472 1003 547 1074 quod
567 1005 638 1058 [irus
649 1003 723 1056 orili-

137 1083 229 1140 nabat
257 1083 285 1136 in
311 1079 440 1135 tutorum
466 1077 501 1132 de
521 1077 648 1142 loanne3
671 1072 722 1128 sed

136 1159 252 1212 tantum
274 1149 434 1222 pertinebat
453 1147 490 1204 ad
513 1146 606 1218 ipsum
637 1147 722 1200 verbo

134 1223 245 1283 Christi
255 1225 395 1350 prompte
415 1221 444 1275 et
459 1217 605 1274 humiliter
618 1214 722 1273 obedi-

134 1313 181 1354 re.
200 1297 251 1352 Eti
274 1309 307 1350 eo
326 1289 454 1364 sequitur
468 1307 475 1346 ε
491 1291 531 1345 Tu
548 1305 588 1343 me
600 1301 720 1359 sequere,

136 1364 250 1425 scilicet
276 1363 365 1422 crucis
385 1359 528 1434 passione.
545 1361 623 1416 Unde
640 1362 721 1428 dirp-

135 1445 290 1496 sostomus:
305 1457 320 1487 iv
336 1434 454 1492 Sieeum
467 1432 530 1488 volo
546 1447 671 1498 manere,
682 1430 723 1486 iii-

135 1510 214 1584 quit,
235 1507 302 1580 quid
319 1509 353 1564 ad
371 1505 424 1562 tel
447 1505 501 1560 Per
516 1505 568 1560 boe
590 1503 723 1559 erudiens

134 1598 194 1640 nos
208 1597 263 1637 non
289 1576 409 1645 anxiari,
423 1591 515 1647 nuque
533 1575 652 1632 multum
678 1573 722 1629 in-

135 1651 292 1724 vestigare,
308 1665 400 1722 neque
421 1649 493 1704 ultra
514 1663 547 1702 ea
573 1663 637 1716 quae
663 1645 720 1714 pla-

135 1729 206 1783 cent
218 1725 244 1780 ei
258 1737 396 1795 quaerero,
413 1725 440 1776 et
457 1718 526 1775 nibil
548 1717 723 1789 ultraquam

136 1801 254 1869 oportet
281 1790 599 1850 elementarium
628 1794 724 1845 autem

136 1867 263 1926 faciebat
277 1865 312 1922 ab
326 1863 542 1934 intemporanea
556 1859 724 1931 compassio

134 1953 187 2008 ne,
203 1953 265 2010 quae
282 1937 318 1994 ad
341 1933 505 1992 seinvicem
521 1939 583 1989 erat
595 1932 725 1988 dividens

135 2027 200 2068 eos.
221 2009 292 2078 Quia
309 2007 385 2064 eiiim
408 2006 550 2063 debebant
573 2006 648 2060 orbis
668 2011 724 2060 ter·

135 2098 240 2139 rarum
263 2081 493 2153 procurationem
513 2075 652 2146 arripere,
670 2091 725 2131 nori

137 2154 294 2226 oportebat
312 2167 361 2208 eos
378 2151 412 2206 ad
432 2147 599 2206 seinvicem
623 2147 657 2202 du
681 2163 724 2202 re·

140 2225 223 2295 liquo
238 2240 300 2281 csse
313 2223 490 2294 complexos;
507 2219 633 2291 prolecto
649 2217 725 2274 eiiim

141 2311 283 2368 magnum
301 2293 365 2351 buic
380 2292 441 2350 orbi
462 2297 604 2346 terrarum
622 2291 726 2346 lactum

139 2375 218 2425 esset
233 2368 380 2423 damnum.
402 2367 555 2435 Propterea
569 2361 609 2417 ait
626 2379 633 2417 :
651 2365 726 2432 Opus

141 2437 329 2497 commissum
353 2443 395 2492 est
421 2433 482 2498 tibi,
506 2433 534 2488 iu
562 2433 677 2489 attende
698 2441 725 2488 et

139 2511 259 2584 pertire,
273 2515 302 2565 et
316 2523 425 2575 exerce,
442 2511 470 2562 et
485 2509 576 2574 certa3
589 2505 665 2560 huuc
678 2521 725 2562 ve-

139 2595 175 2638 ro
189 2581 212 2638 si
227 2581 344 2638 voluero
359 2593 474 2636 minore
485 2577 540 2644 bic,
552 2576 621 2648 quid
636 2578 670 2633 si
684 2577 727 2633 tei

140 2654 185 2710 Tu
201 2668 235 2709 ea
248 2669 312 2725 quae
323 2652 363 2708 tui
377 2649 467 2722 ipsius
479 2653 546 2704 sunt
560 2652 684 2716 attente,
698 2654 727 2705 et

142 2725 179 2780 de
196 2726 240 2780 bis
253 2724 388 2780 solicitus
401 2731 462 2778 esto
476 2737 483 2776 ι
497 2741 512 2770 u
529 2721 589 2777 liaec
604 2721 726 2789 ubrpso-

146 2799 261 2852 storiiut.
283 2793 433 2866 subjungit
453 2797 547 2848 autem
563 2811 569 2848 :
583 2795 665 2847 Erite
682 2809 725 2847 er·

141 2883 177 2938 qo
191 2883 278 2923 sermo
294 2869 347 2922 iste
358 2868 431 2920 inter
448 2866 562 2931 fratres,
584 2864 611 2918 id
629 2868 673 2918 est
688 2863 727 2918 vli-

143 2939 276 3011 scipulos,
290 2937 336 3065 gui
353 2941 435 2992 erant
449 2933 518 2990 uniti
538 2935 663 2990 traterna
678 2951 725 2990 ca-

141 3009 239 3078 ritate,
252 3015 281 3065 et
313 3007 468 3080 ivulgatum
483 3013 526 3062 est
539 3005 567 3061 in
582 3005 726 3077 publicum

142 3097 195 3155 per
214 3081 406 3138 narrationem
428 3076 512 3134 unius
536 3077 572 3132 ad
593 3078 725 3144 alterum,

143 3156 210 3237 quia
219 3154 374 3223 disciputus
384 3153 432 3205 ille
445 3165 499 3205 nou
509 3151 634 3204 moritur.
647 3149 728 3204 Hunc

144 3225 319 3281 tntelleetum
350 3228 539 3294 conceperunt
573 3235 606 3276 ex
634 3218 728 3276 verbis

145 3293 261 3363 Christi,
282 3300 310 3351 et
333 3293 362 3350 in
385 3293 439 3349 isto
463 3291 606 3348 intellectu
633 3306 727 3347 sermo

144 3366 193 3423 ille
216 3365 401 3434 recitabatur,
421 3362 495 3435 qud
520 3365 645 3419 Jiiannes
672 3377 728 3418 noii

145 3443 220 3496 esset
238 3441 407 3504 moriturus;
425 3435 474 3492 sod
494 3435 583 3490 douae
600 3433 728 3492 Christus

144 3509 180 3566 ad
190 3507 327 3581 Judiciurn
339 3507 448 3564 veniret
461 3508 596 3564 victurus.
607 3504 661 3562 Sed
672 3521 727 3561 uun

145 3587 206 3636 crat
221 3582 274 3636 iios
290 3594 424 3652 magnum
449 3577 566 3645 dotium,
584 3575 607 3633 si
630 3577 727 3633 datum

146 3659 220 3708 esset
238 3651 387 3723 discipulo,
405 3665 468 3706 cum
486 3647 589 3704 melius
609 3649 646 3704 sit
664 3647 728 3704 dis-

146 3722 228 3792 solvi,
245 3729 273 3780 et
289 3739 351 3779 esse
375 3737 439 3778 cum
466 3719 587 3776 Christo.
609 3720 656 3776 ille
680 3725 728 3774 ta-

146 3809 209 3850 meii
230 3793 391 3850 intellectus
419 3791 469 3848 luit
495 3805 642 3856 erroneus,
662 3789 728 3861 quia

144 3867 269 3922 loannes
283 3865 437 3922 secundnm
447 3861 592 3918 veritatem
605 3867 647 3916 ost
656 3877 728 3916 mor-

146 3941 222 3992 tuus.
239 3939 271 3992 ui
283 3936 348 3992 ideo
365 3935 460 3992 statim
480 3931 648 3998 excluditur,
664 3947 728 3989 cum

147 4007 296 4064 subditur:
312 4011 349 4064 Et
361 4024 415 4063 non
434 4007 511 4062 dicit
525 4006 558 4066 ei.
576 4005 659 4060 Petro
674 4019 727 4060 sci-

146 4077 222 4146 licet,
238 4083 316 4134 Jesuv
335 4099 342 4134 :
360 4083 419 4138 Neu
438 4079 563 4138 moritur,
584 4073 650 4148 quia
665 4091 728 4131 seii·

146 4155 236 4207 tentia
251 4151 350 4207 mortis
374 4150 403 4206 iu
427 4163 525 4206 omnus
546 4147 574 4203 iii
595 4147 726 4202 oririnali

144 4229 261 4351 peccato
277 4227 358 4278 natos
373 4221 482 4293 prolata
497 4225 554 4287 esl;
575 4219 623 4273 sed
638 4189 726 4274 dixit:

166 4295 190 4349 ir
204 4309 264 4349 eum
278 4295 338 4348 volo
354 4309 472 4354 mouere.
488 4309 505 4348 a
520 4291 536 4346 d
550 4291 617 4356 »loro
634 4305 728 4361 prese·

147 4363 269 4422 cutionis
283 4363 496 4422 alicnumdouec
507 4365 616 4418 uentum
625 4377 727 4418 vocau-

147 4434 184 4492 do
199 4451 264 4494 eum
279 4439 308 4492 in
329 4442 432 4504 morte,
452 4449 503 4507 per
524 4433 727 4490 resolutionem

779 563 939 624 naturalem
950 553 1185 628 siccatumque
1197 552 1234 608 od
1248 551 1293 606 te?
1306 547 1364 604 iios

779 637 926 696 remissive
957 631 1107 703 legendum
1128 633 1180 694 est,
1208 623 1275 695 quia
1303 633 1361 675 non

779 707 891 783 quaerit,
905 707 953 761 sert
975 705 1067 760 solum
1093 698 1194 756 recitat
1220 689 1363 763 booquod

778 789 845 839 anta
864 779 952 844 diiit;
970 775 1094 830 babebat
1116 775 1210 828 autem
1235 769 1363 823 Joaiines

778 851 1049 923 nonagintanovem
1070 857 1162 901 annos
1184 853 1248 896 cuin
1270 848 1362 894 more·

776 931 865 990 retur,
882 926 909 977 et
922 917 1068 989 sexaginta
1082 919 1146 972 octo
1164 909 1248 969 aunis
1265 909 1361 964 Evan-

776 995 882 1068 getium
899 991 1071 1064 praeilicaviv.

816 1073 846 1135 iq
861 1067 928 1122 Viri
940 1077 1044 1119 nurum
1057 1075 1107 1115 eiiii
1125 1069 1229 1112 sonraii
1241 1053 1357 1108 ieiunis

777 1155 809 1196 ivr
824 1140 905 1194 Perii
922 1149 1098 1192 eiosiriciri.
1116 1157 1147 1170 -·
1164 1129 1214 1182 llic
1225 1127 1267 1179 est
1280 1121 1362 1176 disci·

775 1213 859 1282 putus
877 1210 934 1276 ille,
962 1204 1070 1263 scilicet
1092 1203 1229 1264 loannes,
1245 1193 1280 1250 de
1303 1205 1360 1263 que

777 1281 907 1340 Salvator
916 1280 977 1352 jam
990 1278 1098 1334 loculus
1112 1279 1165 1335 est,
1182 1271 1232 1340 qui
1245 1265 1363 1348 testimo·
1413 1328 1416 1338 ἢ

776 1358 853 1410 ritum
877 1352 1001 1424 perbibet
1027 1349 1061 1403 de
1084 1348 1137 1408 liis,
1158 1355 1222 1412 quae
1240 1337 1310 1419 vidit
1333 1337 1362 1390 et

777 1424 895 1490 audivit,
917 1416 1126 1495 propterquod
1150 1413 1213 1486 ejus
1226 1415 1361 1466 testimo-

779 1495 857 1552 nium
873 1499 916 1551 est
930 1495 1028 1550 eiiicax
1040 1495 1068 1545 et
1081 1501 1196 1551 verum;
1212 1488 1237 1538 et
1250 1480 1363 1559 scripsit

778 1571 833 1624 liae
844 1573 987 1637 tamquam
1004 1560 1085 1619 testis
1099 1557 1361 1624 verax,testimoni·

779 1655 825 1696 um
841 1638 994 1710 perhibens
1009 1635 1044 1689 de
1056 1635 1097 1688 eie
1124 1627 1224 1684 blodus
1238 1627 1300 1704 erat
1312 1635 1364 1676 aii·

779 1711 933 1782 tiquorum.
949 1705 1024 1776 quod
1038 1704 1077 1760 illi
1095 1699 1253 1758 scriberent
1267 1697 1363 1773 bisto-

779 1785 862 1850 riam,
876 1783 924 1850 qui
941 1777 1092 1843 vidissent,
1109 1781 1224 1844 propter
1234 1765 1311 1838 qiiod
1321 1764 1365 1818 di·

780 1863 853 1920 citur
870 1860 985 1918 historia
999 1859 1034 1914 ab
1048 1857 1158 1924 ἱστορεῖν
1173 1848 1246 1922 quod
1266 1851 1310 1902 est
1322 1840 1364 1899 vi·

780 1935 856 1996 dere,
873 1933 940 2016 quia
959 1931 1006 2002 qui
1025 1927 1100 1984 vidrt
1117 1923 1192 1996 quod
1212 1921 1364 2002 ilt,po·test

780 2005 846 2062 inde
866 2003 1013 2060 historiam
1034 2003 1192 2059 contexere,
1211 1997 1239 2048 et
1260 1989 1365 2046 idcirco

779 2080 916 2144 loannes,
941 2074 990 2146 qui
1014 2077 1099 2128 verba
1122 2063 1225 2124 Christi
1245 2059 1363 2142 audivit,

781 2155 808 2206 et
822 2150 895 2204 licta
911 2148 973 2218 ejus
992 2143 1071 2207 vidit,
1094 2138 1364 2212 convenientissime

780 2219 904 2277 seribere
924 2215 1026 2288 potuit.
1048 2211 1158 2271 Omissa
1175 2213 1270 2264 autem
1288 2218 1365 2285 omni

781 2290 993 2362 comparatione
1010 2287 1084 2342 inter
1098 2285 1167 2338 duos
1187 2279 1255 2335 istos
1279 2276 1365 2330 disci-

780 2363 862 2436 pulos
877 2362 912 2418 de
930 2359 1091 2424 dilectione,
1110 2349 1253 2432 potestati
1267 2351 1367 2418 myste-

780 2438 853 2491 rium
869 2429 981 2500 relerri,
998 2437 1026 2486 et
1038 2433 1151 2499 mystice
1164 2437 1253 2494 acripi
1271 2436 1278 2475 ι
1299 2431 1365 2498 nam

780 2521 832 2579 per
847 2507 898 2561 bos
915 2504 985 2561 duos
1004 2503 1107 2572 duplex
1126 2493 1365 2572 significaturu-

782 2586 820 2643 ta,
836 2576 943 2634 scilieet
966 2579 1057 2632 activa
1084 2573 1112 2627 et
1134 2563 1365 2636 contemplativa.

781 2651 836 2706 Per
861 2650 976 2705 Petrum
999 2644 1075 2700 enim
1103 2643 1145 2698 cui
1173 2636 1365 2694 dictumest:

780 2723 897 2790 Sequere
918 2736 971 2787 me,
998 2718 1078 2773 labor
1105 2708 1272 2784 exprimitur
1301 2704 1366 2759 vitae
1470 2761 1474 2770 ⁵

781 2792 895 2860 ootivae3
910 2791 946 2846 ad
959 2805 997 2860 qu
1007 2803 1045 2842 vm
1060 2787 1184 2858 pertinet
1196 2775 1367 2836 necessituti-

782 2864 836 2920 bus
855 2861 1047 2934 proximorum
1073 2857 1228 2920 insuitare;
1254 2865 1288 2906 ac
1317 2859 1366 2928 pro

783 2937 900 2990 veritate
916 2943 944 2987 et
957 2928 1075 3000 justitia,
1092 2927 1115 2982 si
1136 2937 1248 2979 necesse
1269 2921 1365 2986 luerit,

783 3021 871 3074 usque
887 3004 923 3059 ad
939 3007 1059 3057 mortem
1079 3003 1198 3053 certare.
1215 2993 1267 3048 Per
1280 2992 1367 3070 loan-

783 3091 848 3132 nem
868 3091 935 3132 vero
962 3070 1086 3128 suavitas
1112 3065 1278 3137 designatur
1302 3065 1367 3115 vitae

783 3143 1022 3216 contemplativa.
1050 3143 1085 3196 au
1116 3151 1201 3210 quam
1230 3135 1365 3204 pertinet,

783 3211 1119 3279 omnibusaliisomissis,
1133 3209 1185 3265 soli
1203 3209 1260 3262 Deo
1275 3205 1369 3260 iuliae-

783 3306 857 3358 rere,
877 3289 913 3344 de
935 3302 991 3359 qua
1019 3285 1089 3340 bene
1110 3280 1215 3338 dictum
1232 3281 1298 3332 est:
1322 3276 1368 3354 Sto

783 3378 843 3417 eum
864 3362 923 3416 uolo
948 3372 1056 3413 munere
1082 3355 1165 3408 donec
1193 3352 1312 3414 neniam,
1331 3343 1367 3427 ¹id

783 3439 825 3490 cst
841 3447 966 3504 eosquos
976 3433 1058 3501 gustu
1072 3441 1143 3482 mee
1157 3418 1368 3489 contemplatio-

784 3504 827 3561 nis
848 3502 1025 3562 inebriavero
1041 3511 1154 3568 semper
1168 3495 1306 3572 prolicere
1322 3503 1366 3543 vo·

783 3575 821 3644 lo,
835 3590 982 3647 quousque
1004 3587 1047 3628 me
1072 3571 1100 3625 iu
1116 3566 1163 3624 die
1182 3561 1281 3636 judicii
1303 3573 1367 3615 cum

783 3653 891 3704 eterna
906 3643 1137 3703 remuneratione
1152 3638 1318 3708 apparente,
1334 3631 1369 3686 de

784 3719 839 3775 side
853 3721 1002 3774 transeant
1017 3714 1052 3770 ad
1065 3709 1200 3782 speeiem,
1219 3712 1247 3762 et
1261 3704 1366 3785 denim-

783 3791 907 3863 perlecta
922 3787 987 3842 vitae
1015 3787 1098 3852 buius
1125 3777 1368 3848 contomplatione

783 3848 1367 3932 adperlectamgloriaerontemplationem,

784 3933 936 4003 Utriusque
950 3935 1045 3986 autem
1068 3931 1132 3980 vitae
1155 3923 1221 3978 linis
1236 3925 1264 3976 et
1287 3918 1369 3990 obje-

786 4008 861 4059 ctum
874 4009 916 4060 est
933 4003 1070 4068 [leuspro
1085 4011 1140 4068 quo
1152 3996 1298 4051 exercetur
1310 3991 1370 4044 bec

784 4083 811 4132 et
829 4073 896 4142 illa;
927 4071 977 4128 sed
1006 4069 1061 4126 vita
1076 4067 1166 4126 artivu
1192 4065 1256 4138 plus
1277 4059 1370 4131 diligit

784 4162 870 4219 quam
888 4147 943 4200 vita
957 4139 1184 4210 contemplativa,
1195 4135 1261 4207 quii
1279 4145 1370 4201 magis

785 4217 871 4274 sentit
898 4214 1043 4286 angustias
1067 4208 1217 4286 praesentis
1232 4205 1315 4288 ‚vitea
1342 4206 1370 4284 et

785 4292 951 4348 aestuantius
965 4285 1108 4343 desiderat
1126 4283 1162 4338 ab
1191 4279 1232 4334 eis
1254 4276 1370 4330 liberari

783 4362 861 4419 etad
876 4361 966 4417 Deum
982 4359 1032 4416 ire.
1054 4350 1310 4434 contemplativam
1326 4357 1373 4398 ve·

784 4448 816 4489 ro
831 4432 919 4488 vitam
935 4433 1009 4487 Deus
1024 4427 1087 4499 plus
1103 4421 1208 4494 diligit,
1224 4431 1292 4489 quia
1305 4427 1369 4471 eam
