3036 5042
390 429 428 480 llli
457 427 652 484 stultitiis.
683 427 716 476 ΙΝ
746 427 906 484 resaluta
935 427 1061 482 lltlllllll.
1311 423 1341 478 89

102 530 217 588 Caxxsrx
247 549 403 594 neseoxsxo.
418 565 452 576 —
468 532 573 590 Videns
599 537 694 594 antem
717 545 719 591 t
748 547 797 600 epo
814 548 885 589 sum.
903 531 1059 590 Veritatem
1076 530 1118 590 ris
1132 529 1290 602 respondit,
1306 537 1338 592 ut

102 603 694 734 CaiphaeKrincepssacerdotumqnndle·
750 602 954 688 inexcusabiles
966 609 1072 668 essent,
1083 610 1111 660 et
1122 620 1160 686 ne
1171 619 1274 685 nomen
1286 604 1337 688 Dei

102 691 150 732 sus
167 681 232 734 tace
256 686 293 748 at,
308 683 337 736 et
354 678 430 750 quud
444 683 609 736 testxmoma
624 693 693 734 con·
750 691 884 748 spernere
900 675 1052 734 videretur.
1070 678 1102 732 nt
1115 675 1219 748 adjacit
1236 677 1337 734 Domi·-

100 749 261 828 tra'ipsum
276 749 413 824 producta
427 751 463 806 ad
480 749 541 820 ejus
559 749 694 806 uindem-
717 756 720 841 q
749 764 803 804 nus
816 749 922 806 lesus:
942 751 1135 807 Verumtamen
1152 748 1214 804 dico
1232 748 1310 828 qoln's
1330 767 1340 806 a

103 823 254 878 nationem
266 837 324 878 non
339 821 531 890 sufficiebant,
544 821 695 893 perturba·
750 821 855 876 denudo
870 819 1113 884 sternutamentis
1126 833 1280 891 corporexs,
1294 821 1340 878 to·-

100 895 217 952 tusest.
249 895 315 964 quia
341 910 397 952 non
419 891 720 957 inveniebatlocum;
750 889 1240 962 liumlxominis,scilicctme,quem
1252 892 1337 950 modo

101 963 269 1032 calumniae,
280 965 390 1022 etnnde
402 971 499 1037 posset
510 967 608 1022 lesum
618 965 695 1036 juste
718 973 720 978 ’
750 963 943 1032 contemnitis,
954 969 982 1020 et
998 962 1186 1034 ignominiose
1198 961 1338 1034 tractatis,

101 1035 308 1101 condemnare,
325 1042 351 1093 et
369 1036 410 1092 sic
424 1036 468 1094 ira
480 1041 650 1105 commotus,
666 1042 696 1092 et
718 1045 720 1095 l
749 1033 779 1092 in
799 1034 844 1092 die
860 1034 971 1108 judicii,
987 1036 1132 1117 sedentem,
1149 1038 1181 1091 ut
1198 1033 1338 1118 iudicem,

100 1109 218 1164 vesania
235 1111 339 1167 mentis
352 1108 486 1180 agitatus,
502 1124 651 1176 eaeurpens
662 1123 695 1166 ex
718 1098 720 1181 l
749 1124 768 1166 a
788 1107 896 1164 dentata
919 1107 1089 1174 struinam
1108 1111 1152 1163 est
1168 1111 1338 1177 majestatis,

101 1177 295 1250 impatientia,
309 1183 339 1236 ia
358 1181 489 1248 medium,
507 1179 542 1238 de
558 1179 629 1238 solio
646 1195 694 1238 sa·
717 1194 720 1231 x
748 1181 799 1261 Dei
809 1180 912 1261 iaicis,
923 1178 952 1236 id
965 1184 1006 1235 est
1019 1178 1049 1235 in
1065 1175 1227 1260 aequalitate
1239 1183 1268 1234 et
1279 1177 1337 1250 ple·

101 1250 253 1320 cerdotali,
269 1253 366 1308 attilii
381 1271 390 1308 x
405 1254 483 1310 xililxe'l
495 1251 642 1321 respondes
656 1252 695 1308 ud
717 1268 719 1334 q
749 1266 869 1310 nissxma
881 1255 1022 1324 potestate
1039 1253 1147 1308 Patris:
1162 1249 1215 1306 lxoc
1228 1253 1282 1318 est,
1295 1265 1339 1307 se·

100 1336 140 1378 ca.
159 1319 223 1394 qua'e
241 1327 292 1380 isti
306 1325 437 1380 adoneus
451 1331 477 1380 te
491 1326 693 1394 testificantur?
717 1335 719 1393 l
748 1323 872 1380 cundum
887 1321 1130 1392 Hieronymum,in
1142 1323 1199 1378 vita
1212 1336 1335 1393 regnan·

102 1394 177 1450 llolu
198 1394 331 1468 corporis
353 1394 492 1454 insaniam
513 1395 613 1452 mentis
637 1394 693 1452 de·
716 1418 719 1511 Ι
747 1399 805 1452 tem
821 1395 994 1467 sempiterna
1012 1398 1042 1452 et
1062 1391 1290 1476 virtutendisina,
1308 1397 1335 1450 et

102 1471 255 1536 monstrat,
273 1483 336 1526 cum
351 1467 537 1540 temperantia
554 1475 583 1523 ct
601 1465 693 1536 pravi·
747 1465 1025 1536 uenientem,scxlicet
1038 1467 1073 1522 ad
1084 1465 1335 1537 judxcxumsecnn-

102 1539 190 1594 tasin
209 1539 310 1609 verbo,
328 1555 414 1608 opere
429 1545 457 1598 et
472 1545 553 1611 gestu
567 1537 692 1608 jndicem
716 1526 718 1617 l
747 1540 815 1596 dum
835 1539 956 1596 turmam
981 1538 1148 1606 humanam,
1162 1538 1196 1617 'ta
1214 1537 1334 1594 aubibus

102 1616 130 1664 et
153 1611 309 1682 praelatum
333 1611 441 1668 deceat.
462 1611 621 1670 Secundum
638 1613 692 1668 lle-
715 1624 718 1742 q
747 1614 816 1680 coeli,
831 1610 903 1667 sicut
921 1608 1061 1692 ascendit,
1076 1610 1123 1667 ubi
1141 1606 1249 1664 videbit
1267 1623 1333 1674 enm

102 1679 177 1749 dom,
193 1683 231 1738 ad
252 1699 420 1754 responsum
441 1689 586 1755 provocat,
605 1687 635 1740 ut
658 1698 692 1744 ex
747 1683 840 1740 omnis
848 1681 957 1751 oculus,
969 1689 997 1738 et
1009 1697 1057 1754 qni
1066 1696 1130 1738 aum
1141 1684 1332 1753 pupugerunt.

104 1755 254 1810 ociiasiune
273 1759 414 1811 sermonis
430 1753 523 1812 locum
540 1753 692 1814 accusandi
747 1754 831 1824 Quasi
845 1754 920 1812 dicat
934 1772 941 1810 ε
953 1755 1009 1810 Vos
1024 1769 1069 1812 me
1084 1757 1116 1810 ut
1129 1766 1229 1824 purum
1243 1751 1333 1810 homi·

102 1823 238 1882 inveniat.
251 1827 332 1882 Jecur
344 1832 435 1882 autem
450 1827 566 1892 taceant,
578 1833 606 1882 et
620 1825 691 1884 nihil
747 1843 814 1884 nem
836 1824 1029 1888 contemnitis,
1055 1831 1084 1882 et
1110 1822 1191 1896 quasi
1214 1825 1333 1895 impium

101 1897 250 1966 respondit
261 1902 294 1954 ut
304 1898 484 1958 ostenderet:
498 1897 598 1968 prium.
610 1913 690 1956 suam
747 1897 961 1966 condemnatis;
978 1896 1133 1954 sedtamen
1144 1899 1261 1968 propter
1279 1895 1334 1954 hoc

100 1967 251 2038 J'ustitiaxn,
266 1971 333 2040 quia
348 1977 376 2026 el
388 1970 427 2028 illi
438 1970 548 2042 indigui
560 1975 650 2038 erant,
662 1975 691 2026 el
747 1987 792 2028 me
808 1971 960 2028 exaltatum
978 1984 1064 2040 snper
1078 1983 1177 2026 omnes
1192 1966 1289 2038 ooelos,
1305 1971 1333 2028 el

102 2055 209 2110 eaquae
221 2040 690 2114 contraipsumdirebanturerant
745 2043 873 2101 iudicem
891 2040 1034 2100 videbitis.

102 2109 182 2180 lalsa,
197 2118 288 2185 atque
303 2113 489 2185 responsione
501 2113 634 2184 indigna3
648 2129 690 2170 se·
713 2117 716 2175 l
780 2139 796 2187 7
811 2115 929 2171 Cxxrnxs
941 2127 1109 2170 vssxxxsnrx
1124 2127 1251 2170 sannaus
1270 2112 1332 2170 Do·-

104 2184 205 2266 cnndo,
230 2200 315 2242 suam
340 2183 715 2266 miseri·cordiam,1nelllil
745 2205 830 2244 xxnuu
845 2201 1018 2244 nmsrnsxna
1039 2199 1241 2265 manupae-
1259 2187 1332 2242 ilino

103 2257 222 2326 amplius
239 2265 402 2329 peccarem,
418 2273 442 2313 sx
459 2260 486 2316 in
502 2257 610 2316 malitia
624 2272 688 2326 por·
712 2248 715 2310 l
742 2262 871 2343 princepe
891 2257 1074 2323 sonantum,
1094 2270 1142 2336 qm
1169 2260 1331 2314 surrexerat

104 2325 254 2396 durarent3
282 2333 377 2396 tertio,
398 2345 479 2386 suam
507 2331 687 2400 sapientiam,
712 2351 714 2405 Ι
743 2348 773 2388 xn
791 2332 897 2398 lurore,
913 2327 1003 2400 magis
1017 2326 1172 2396 insaniens,
1189 2327 1273 2384 scidit
1286 2343 1330 2385 ue-

104 2397 688 2472 quiasciebat,utlleus,quo‹lquidquidre·
711 2416 713 2427 ·
742 2397 1330 2480 stimantusua,iurabie,quia,secundum

104 2470 277 2538 spondisset,
294 2475 444 2530 traxissent
459 2475 487 2528 in
504 2471 686 2543 calumniam,
711 2496 713 2536 i
742 2477 855 2544 Rodum,
886 2487 971 2545 quem
999 2471 1035 2528 de
1062 2471 1133 2528 solio
1156 2471 1327 2530 sacerdotali

106 2545 133 2596 et
149 2541 299 2612 responsio
319 2543 516 2612 excusationis,
536 2543 613 2600 nullo
635 2560 687 2599 au·
710 2577 713 2604 x
742 2548 822 2604 incur
843 2549 1016 2612 excusserat,
1029 2543 1161 2602 eumdem
1179 2542 1274 2600 ralxins
1292 2543 1330 2602 ad

105 2610 206 2684 cliente,
223 2614 327 2672 luisset
340 2614 462 2684 inutilis,
479 2620 591 2687 quarto,
605 2631 687 2672 suam
711 2639 713 2681 t
743 2619 915 2678 scindendas
926 2623 1018 2674 vastes
1031 2619 1175 2687 provocat.
1186 2616 1219 2672 Et
1233 2613 1261 2672 in
1273 2616 1329 2674 hoc

106 2684 281 2754 patientiam,
294 2695 324 2743 ut
342 2687 502 2770 exemplum
520 2688 601 2744 daret
615 2703 685 2744 con·
743 2693 827 2760 latito,
843 2689 976 2758 Caiphae,
990 2686 1118 2770 quamvis
1132 2685 1192 2758 ipse
1206 2687 1330 2746 nescive-

106 2758 229 2816 temnere
244 2757 482 2816 calumniantium
497 2764 627 2826 vaccaei
641 2775 686 2828 po·
710 2780 712 2824 t
743 2763 789 2832 rit,
803 2759 983 2835 prophetavit
995 2765 1108 2816 iterum.
1128 2757 1175 2816 Bis
1188 2757 1265 2816 enim
1280 2775 1329 2816 na·

106 2825 158 2884 tius
172 2829 287 2886 sortiter
301 2829 395 2899 nitore,
409 2847 494 2902 quam
507 2847 537 2888 se
552 2829 615 2888 sine
627 2829 686 2886 ullo
710 2837 712 2891 l
742 2829 1232 2906 sciensproplxetavit,semelverbo,
1242 2846 1331 2902 qnan-

105 2900 405 2968 prolectudelendere.
421 2903 493 2960 Hinc
515 2902 686 2973 colligimus,
710 2898 712 2945 l
742 2904 1330 2976 dodixit:Epeditutunusltomomoriatur

105 2971 686 3118 illinistilliilsltilillli:
710 2968 713 3069 l
740 2972 1213 3106 stallatislitatis·
1228 2979 1329 3104 itti·

336 3087 343 3114 x
711 3089 713 3096 ‚
967 3088 973 3102 ·
1211 3087 1219 3114 a
1317 3077 1329 3090 “

106 3111 180 3184 dum,
196 3133 261 3174 cuin
278 3117 356 3174 nulla
369 3123 501 3175 secutura
517 3117 554 3176 sit
568 3117 686 3188 utilitas,
711 3118 713 3127 '
742 3121 810 3178 dum
836 3123 1040 3188 Hieronymum,
1061 3117 1185 3174 ostendit
1211 3119 1338 3176 inuans·

106 3184 152 3240 sed
166 3187 263 3258 potius
277 3189 504 3247 incommoditas.
518 3192 628 3258 Quanto
640 3206 687 3246 au·
743 3191 947 3250 sacerdotalem
962 3189 1081 3262 gloriam
1094 3187 1253 3260 perdidisse
1265 3207 1272 3258 ;
1288 3195 1327 3248 et·

106 3260 159 3338 mm
173 3263 263 3332 magis
277 3261 358 3318 lesus
371 3265 407 3318 ad
425 3261 556 3334 indignos
570 3277 688 3332 respon·
743 3263 830 3330 enim,
842 3263 909 3320 dnm
921 3267 1027 3318 vestem
1038 3258 1091 3316 sibi
1102 3258 1324 3343 discidit,ipsnm

107 3341 180 3408 sione
193 3333 254 3402 eius
267 3333 390 3403 tacebat,
405 3337 485 3390 tanto
505 3332 595 3404 nxagis
617 3335 686 3390 Pon·
742 3351 798 3408 quo
813 3335 971 3406 tegebatur,
982 3331 1173 3389 velamentum
1185 3332 1267 3402 Legis
1278 3335 1326 3390 ab·

107 3398 169 3456 tilax
193 3402 291 3460 lurens
315 3419 380 3460 eum
403 3405 439 3461 ad
457 3404 686 3476 respondendum
737 3405 816 3480 iecit.
833 3406 911 3464 Unda
922 3409 951 3462 et
967 3403 1041 3462 Beda
1057 3422 1065 3458 ε
1083 3421 1097 3458 «
1113 3401 1213 3460 altiori
1230 3409 1326 3462 autem

109 3475 285 3550 provocabat,
298 3483 330 3532 nt
344 3492 377 3532 ex
393 3475 487 3532 verbis
502 3475 590 3549 ipsius
603 3493 685 3534 occa-
710 3497 712 3569 q
741 3477 875 3553 mysterio
898 3477 1003 3534 lactum
1022 3479 1076 3542 est,
1089 3479 1120 3531 ut
1141 3473 1171 3530 in
1189 3475 1325 3534 Passione

109 3555 213 3602 sionem
235 3547 429 3604 calumniandi
450 3554 586 3618 captaret.
608 3550 712 3606 Tuncv
742 3549 853 3608 Domini
888 3547 1015 3606 Pontifex
1044 3546 1208 3606 lxxdaorum
1240 3551 1326 3605 vesti·

109 3613 190 3682 enim,
200 3621 328 3691 princeps
341 3620 523 3688 sacerdotum,
533 3636 631 3678 rursus
647 3622 686 3676 in·
710 3598 712 3662 l
742 3627 838 3680 menta
852 3619 1071 3687 susannense,
1084 3619 1137 3675 hoc
1152 3623 1195 3675 est
1208 3621 1324 3692 Bplod3

110 3685 261 3760 terrogans,
285 3694 327 3748 att
351 3693 398 3748 itti
422 3692 559 3761 :Adiuro
586 3699 612 3750 te
637 3709 687 3765 per
710 3721 712 3788 q
741 3710 805 3751 cum
824 3692 919 3750 tunica
935 3693 1049 3774 Domini
1064 3707 1118 3772 nec
1136 3690 1173 3746 ab
1192 3689 1262 3774 ipsis
1279 3689 1327 3764 qul

110 3757 189 3814 Dmut
206 3765 310 3832 uinum,
323 3768 355 3818 ut
371 3765 449 3820 diens
466 3763 545 3819 uobis
563 3767 589 3820 ex·
610 3769 640 3820 tu
659 3780 687 3822 ee
742 3781 806 3822 eum
828 3764 993 3822 crucifixere
1012 3762 1150 3820 militibus
1165 3763 1256 3819 scindi
1271 3778 1328 3836 po-

113 3827 229 3890 clristus
243 3835 341 3904 Filius,
355 3835 464 3892 scilicet
477 3834 623 3904 naturalis,
638 3839 688 3892 llei
711 3821 713 3886 l
743 3835 836 3894 tuerit.
852 3835 1041 3907 ligurabatur
1056 3833 1132 3892 enim
1147 3834 1224 3906 quod
1239 3849 1331 3891 sacer·

114 3895 259 3984 bmedicti?
279 3905 331 3973 Qui
362 3909 396 3964 ad
425 3922 490 3964 eum
520 3905 714 3989 capienduml
742 3907 850 3965 dotium
876 3907 1061 3976 ludaeorum,
1087 3921 1138 3979 pro
1174 3905 1330 3964 sceleribus

114 3982 188 4038 qnasi
214 3975 351 4035 latronem
379 3978 513 4046 miserat,
546 3995 619 4036 nunc
652 3981 687 4036 de
712 4000 714 4071 ἰ
742 3979 911 4053 pontificum
934 3981 1009 4036 esset
1032 3976 1233 4048 scindendum,
1256 3985 1285 4036 et
1313 3992 1332 4036 a

114 4041 183 4100 turon
200 4051 229 4103 et
245 4049 426 4122 usurpatione
444 4048 557 4106 deitatis
576 4051 688 4108 exami-
743 4057 818 4109 statu
838 4067 898 4108 suaa
922 4048 1094 4122 integritatis
1112 4049 1279 4108 solvendum
1302 4053 1331 4106 et

114 4119 174 4183 nat,
187 4133 241 4176 non
264 4126 359 4178 tamen
375 4125 522 4178 veritatem
542 4120 592 4178 Dei
612 4122 687 4180 desi·
742 4123 945 4192 auferendum
959 4137 1023 4179 cum
1039 4121 1168 4180 soliditas
1185 4120 1329 4193 Ecclesia,

113 4181 198 4256 derat,
211 4191 260 4248 sed
285 4194 374 4266 magis
399 4192 570 4250 calumniam
593 4202 685 4267 parat.
743 4211 793 4252 seu
809 4194 887 4260 lldei,
901 4211 966 4268 quae
980 4193 1066 4251 vestis
1081 4192 1130 4250 Dei
1145 4192 1219 4250 solet
1230 4191 1328 4319 appel·

114 4254 152 4312 ld
159 4256 309 4320 hocautem
316 4267 397 4322 lesus
407 4264 565 4348 respondit,
573 4271 688 4338 propter
742 4267 806 4338 lari,
822 4281 977 4339 numquam
992 4265 1084 4322 ruent
1098 4263 1199 4334 scindi,
1214 4279 1248 4320 ve
1272 4264 1328 4319 dn·

115 4337 293 4414 revocantium
311 4336 399 4396 divini
414 4336 537 4394 nominis
552 4339 686 4396 invocati.
711 4318 714 4389 l
743 4337 847 4412 rumpi.
867 4341 925 4396 lloc
948 4342 992 4396 est
1026 4353 1072 4394 am
1092 4335 1181 4396 oculis
1197 4349 1327 4416 cernere,

116 4395 146 4452 Et
168 4401 234 4464 droit
257 4408 303 4466 illi
318 4411 396 4470 uun
411 4429 419 4466 x
437 4411 478 4468 Tu
491 4410 604 4482 dimisti,
620 4413 687 4482 quia
711 4408 713 4421 '
744 4410 810 4482 quia
823 4407 950 4468 videmus
963 4355 1079 4467 salsos
1093 4403 1243 4471 acerdotxi
1259 4405 1326 4477 glo·-
