2974 5040
205 461 247 520 ΒΕ
274 461 433 520 succubo
461 463 710 532 conluctante,
738 467 771 520 tlt
798 465 959 520 Plaetorio
988 461 1111 519 noulut.
1221 461 1264 514 iss

38 568 186 628 secundum
203 570 394 644 Theophilum,
410 570 485 642 qnod
504 587 558 629 nos
572 568 618 628 si-

38 657 95 698 mus
110 641 270 698 imitatores
284 643 388 713 loseph
402 642 432 698 in
447 644 510 712 boc,
529 644 617 716 quod,

37 713 144 786 quando
159 729 265 787 corpus
278 713 380 771 Christi
394 723 558 788 susceptum
572 717 616 772 in-

37 785 113 841 erita
129 786 224 856 nobis,
244 792 274 843 et
300 785 469 856 involutum,
484 794 552 844 tnnc
566 788 616 845 de·

37 857 125 914 bemus
140 858 233 929 ipsum
252 873 358 930 ponere
381 858 411 914 in
431 865 616 917 monumento

37 944 101 984 novo
115 929 209 986 exciso
226 928 257 985 in
273 935 363 1000 petra,
379 930 407 986 id
423 941 466 988 est
477 931 505 988 io
520 935 616 990 mente

36 1007 123 1056 nostra
137 999 188 1058 Dei
215 999 343 1074 imagine
368 1001 514 1074 insignita,
536 1019 617 1060 reno·

36 1077 92 1127 rats
105 1076 132 1128 et
143 1072 261 1130 firmata
270 1073 300 1130 in
313 1072 437 1144 Christo,
454 1073 500 1146 qni
513 1077 553 1130 est
567 1076 617 1131 Pe-

36 1147 80 1208 tra,
101 1148 131 1200 ut
150 1143 227 1200 dieat
252 1144 322 1201 illud
339 1145 542 1202 Cantieornm:
570 1150 616 1203 Τε-

35 1217 78 1269 riui
90 1231 158 1285 eum,
175 1233 224 1272 nec
239 1217 391 1274 dimittam.
410 1251 437 1259 -
455 1218 615 1275 Secundum

36 1291 79 1350 cst,
93 1287 252 1358 quodsicut
268 1290 405 1346 Dominus
416 1305 517 1362 passus
542 1307 615 1347 mor·

36 1363 100 1438 tuns,
123 1365 151 1415 et
176 1359 315 1487 sepultus,
345 1361 516 1418 lamentatus
537 1361 613 1430 luit;

37 1443 70 1484 src
88 1435 115 1486 et
140 1447 192 1488 nos
224 1432 368 1489 umentsri
382 1448 448 1490 eum
468 1433 613 1504 debemus,

36 1516 80 1582 per
91 1502 318 1575 compassionem
332 1511 360 1560 et
374 1521 470 1562 veram
480 1521 615 1574 compnn-

36 1579 156 1653 rtronem.
172 1607 207 1616 -
222 1575 351 1633 Tertium
366 1582 420 1645 est,
442 1577 518 1648 quod
541 1576 614 1633 sient

38 1643 154 1702 Christus
177 1649 307 1720 sepultus
324 1647 480 1705 custoditus
495 1647 556 1718 luit,
573 1647 613 1705 sic

37 1719 59 1769 et
76 1731 124 1772 nos
145 1734 212 1774 eum
240 1717 274 1775 in
291 1725 386 1777 mente
401 1726 498 1776 nostra
519 1721 612 1792 sepul-

37 1791 89 1842 tum
101 1787 218 1848 firmiter
232 1791 378 1848 custodire
401 1792 549 1861 debemus,
577 1808 612 1848 ne

37 1855 186 1932 latrunculi,
214 1862 243 1919 id
275 1868 318 1919 est
345 1863 490 1920 daernnnes
519 1863 613 1937 sepul·

36 1929 124 1986 ebrum
147 1933 239 1990 cordis
269 1935 358 1991 nostri
385 1937 556 2004 subintrent,
586 1941 614 1992 et

38 1999 152 2060 iurentur
168 2005 254 2062 nobis
279 2009 388 2064 lesum.
418 2007 612 2074 -Quartum

38 2075 160 2154 estquod
173 2081 201 2133 et
211 2093 269 2134 nos
288 2078 337 2150 qrri
347 2078 532 2151 spiritualiter
543 2095 613 2135 rnor-

38 2149 71 2225 tm
95 2161 187 2204 snmus
220 2149 358 2220 peccatis,
388 2151 614 2222 consepeliamur

39 2221 113 2272 etiarn
125 2234 186 2276 cnm
201 2220 335 2290 Cbrist0;
351 2221 391 2279 ita
405 2227 435 2280 ut
455 2223 612 2280 absconda-

40 2299 93 2342 mur
109 2294 135 2345 et
163 2291 348 2363 quiescamus
377 2310 394 2351 a
439 2293 553 2362 occulis,
573 2293 613 2350 sic

40 2360 103 2426 qnod
121 2367 199 2420 retus
226 2367 314 2421 homo
329 2363 359 2420 in
384 2310 466 2422 neiis
491 2364 613 2438 amplius

41 2443 88 2486 non
98 2441 231 2515 resurgat.
246 2436 326 2493 Unde
337 2437 505 2509 Apostolus:
520 2440 614 2495 Conse-

39 2503 232 2588 puttt31nquit,
251 2523 346 2563 sumus
364 2526 423 2565 cum
442 2511 548 2566 Cbristo
564 2525 613 2580 per

41 2571 195 2700 baptismum
205 2582 235 2636 im
246 2585 370 2636 mortem.
383 2579 434 2637 Ubi
444 2578 484 2635 ait
493 2581 589 2638 Gtosso
602 2599 610 2636 :

43 2665 64 2724 νΙ
86 2647 181 2705 hristus
204 2649 234 2708 in
256 2665 379 2722 persona
398 2651 500 2708 veteris
518 2651 612 2708 homi·

41 2728 77 2770 ms
87 2715 201 2778 babebat
213 2723 346 2780 membra
356 2723 468 2780 confixa
478 2723 506 2779 in
517 2739 611 2794 cruce,

42 2788 116 2868 need
139 2794 249 2863 priores
273 2799 351 2851 actus
377 2801 571 2864 morerentur,
595 2811 612 2852 a

42 2861 127 2942 quibus
151 2865 235 2922 etiarn
274 2872 404 2923 mortuns
430 2872 459 2922 et
484 2869 611 2938 sepultus

43 2939 133 2996 quierit
155 2934 287 2994 humanis
305 2939 464 2994 subtractos
490 2939 610 3008 aspecti·

42 2997 94 3068 bus,
106 3009 338 3088 perboccxigens
352 3009 471 3078 anobis,
487 3017 516 3066 ut
526 3025 613 3066 mem·

41 3067 84 3151 bra
98 3083 185 3135 nostra
199 3085 419 3138 continentraeet
427 3081 544 3154 justitiae
556 3083 611 3138 cla-

43 3154 77 3196 us
90 3148 190 3206 conexa
212 3153 382 3220 babeamus,
403 3169 438 3210 ne
464 3153 500 3209 ad
514 3152 612 3225 priora

42 3214 104 3271 nala
121 3221 277 3293 redeamus,
297 3223 434 3296 aquibus
460 3224 545 3281 etiem
571 3223 611 3282 ila

43 3287 149 3366 perlecta
165 3308 356 3366 quiescemus,
383 3299 414 3352 ut
431 3312 484 3353 nec
512 3311 611 3353 eorum

43 3367 114 3440 orsio,
131 3377 179 3419 nec
193 3367 334 3424 memoria
352 3368 508 3438 habeatnr3
525 3374 554 3424 et
571 3369 611 3424 sic

44 3431 116 3486 teielt
128 3433 237 3496 bomine
248 3437 277 3495 io
288 3438 369 3496 nobis
380 3439 523 3511 crucifixo,
538 3455 612 3496 mor-

43 3497 92 3574 tuo,
105 3507 135 3584 et·
145 3510 264 3580 sepulto,
279 3513 314 3566 ad
327 3511 402 3568 bona
415 3518 610 3584 resurgentes,

44 3581 66 3644 ip
81 3581 193 3636 novitate
214 3581 281 3639 vita
297 3582 476 3640 ambulemus
494 3599 502 3639 ι
520 3603 533 3636 s
549 3582 610 3641 haec

44 3651 67 3693 1ss
76 3641 179 3728 ¹litasse.
199 3683 229 3694 -
257 3654 299 3708 nd
326 3654 560 3710 conformandum
579 3671 610 3712 se

44 3705 97 3768 hnic
104 3721 223 3792 articulo,
237 3722 410 3795 imaginetur
428 3727 514 3782 homo
527 3725 608 3796 quasi

45 3793 85 3860 ρον
95 3800 170 3868 sunm
185 3793 220 3850 sit
249 3797 352 3853 christi
369 3797 561 3868 sepulchrum,
582 3803 610 3854 ct

44 3853 100 3910 inrbr
123 3875 212 3940 ipsum
239 3867 443 3925 venerabiliter
461 3867 607 3938 recondat,

46 3929 200 4004 torondnum
213 3937 434 3996 lamentabiliter
451 3939 566 4008 defleat,
581 3948 609 3997 et

45 3989 339 4080 internascentium
358 4027 394 4067 ne
420 4009 514 4084 ipsum
529 4010 609 4067 arnit-

45 4063 260 4148 inimicasset
273 4082 458 4155 semetipsum
470 4082 497 4138 in
507 4083 607 4140 eodem

47 4140 177 4206 sepulchro
191 4167 251 4209 cum
268 4155 347 4224 lesu,
365 4160 393 4211 et
410 4153 534 4210 ruminet
548 4171 609 4211 scn-

46 4217 95 4302 sum
108 4214 332 4293 documentorum
347 4226 382 4283 de
396 4225 497 4297 quibus
511 4241 606 4296 snpra,

49 4279 156 4366 tettalias
168 4294 237 4350 sieut
248 4297 323 4352 Deus
337 4296 517 4353 ministrabit.
531 4300 606 4370 Jcso,

48 4359 87 4412 qut
98 4369 124 4409 m
135 4373 298 4423 momumento
310 4384 323 4424 s
359 4371 433 4438 clici,
446 4371 604 4442 lamentari,

48 4421 193 4489 ttcurtodtrt
201 4385 371 4504 noluistiedo
381 4441 461 4514 mibi,
473 4438 500 4499 to
509 4443 538 4498 iu
549 4457 605 4500 cor·-

672 568 1260 644 demeospirituutitersepelire,iumentum,

671 649 696 699 et
712 645 861 714 dilipeater
880 643 1033 712 custodire3
1048 645 1079 698 ut
1098 646 1188 709 stepo
1208 641 1260 697 tibi

671 713 1260 788 consepultustecummereurodrosurrecti·

670 791 731 844 omis
745 789 863 857 plocium
875 790 1026 859 peruenire.
1040 788 1076 842 lit
1090 787 1140 856 qui
1152 787 1257 856 positus

670 862 700 916 ia
715 861 859 932 sepulchro
869 875 886 915 o
898 861 959 915 nisu
976 860 1116 915 bominum
1131 872 1158 911 cs
1171 872 1259 926 sepro—
1286 910 1289 916 .

669 937 762 1002 potus,
778 934 808 987 in
816 947 884 1004 poce
899 931 1047 999 dormiens,
1061 928 1196 985 abscondo
1214 929 1257 984 ia-

670 1007 750 1059 tcrc'm
764 1019 806 1058 me
829 1019 936 1059 sunum
957 1008 1033 1059 tuum
1047 1004 1078 1057 in
1099 1000 1259 1057 abscondito

668 1077 755 1144 faciei
769 1079 832 1140 tua,
848 1091 865 1130 o
882 1075 1089 1131 conturbatione
1105 1073 1255 1136 bominum,

670 1153 710 1211 ut,
717 1147 818 1204 muodo
827 1152 960 1215 mortuus,
967 1147 1019 1202 tibi
1029 1145 1187 1201 oioeusiate
1194 1143 1256 1200 dor·

669 1221 765 1288 mium,
775 1225 801 1274 ct
814 1222 938 1274 suaviter
950 1222 979 1274 im
990 1223 1016 1274 te
1025 1223 1204 1288 requiescum.

709 1313 739 1348 ιο
753 1293 848 1348 Menos
859 1307 1038 1355 nosnsnronr
1052 1306 1103 1346 rros
1114 1305 1166 1345 cun
1177 1289 1259 1344 Cnnr·

669 1380 717 1418 sro
734 1381 898 1420 serotinum.
922 1395 937 1402 --
952 1362 1086 1419 llicnnnc
1102 1359 1257 1416 videndum

669 1439 720 1496 est.
739 1435 861 1506 qualiter
889 1435 1024 1491 debemus
1052 1448 1115 1490 curn
1144 1430 1255 1489 Christo

667 1506 791 1578 sepeliri.
819 1506 1004 1580 Sepulchrum
1023 1511 1116 1562 antem
1138 1502 1213 1559 istud
1228 1501 1257 1559 in

668 1594 724 1649 qno
738 1579 874 1635 debemus
884 1576 1008 1647 sepeliri,
1019 1583 1062 1634 est
1074 1579 1135 1647 ipso
1144 1573 1255 1645 religio,

668 1650 697 1706 in
711 1666 767 1722 qua
777 1650 838 1722 ipso
855 1649 1005 1721 religiosus
1015 1646 1201 1720 spiritualiter
1212 1647 1258 1702 cle·

669 1723 715 1779 bet
737 1723 842 1779 mundo
860 1723 932 1778 roori
948 1725 977 1778 st
996 1718 1120 1793 sepeliri.
1139 1715 1259 1774 Assimi-

668 1792 721 1850 lari
734 1807 829 1850 antem
844 1793 928 1850 debet
940 1793 1089 1865 religiosus
1102 1795 1214 1846 mortuo
1227 1796 1256 1846 et

668 1866 789 1936 sepulto,
802 1871 938 1936 qnantum
950 1865 986 1922 ad
1002 1862 1136 1937 plurima.
1150 1891 1185 1902 -
1197 1861 1256 1917 Pri·

668 1953 726 2006 mo,
736 1945 873 2008 quantum
884 1937 920 1993 ad
932 1952 1046 1994 censum
1061 1950 1155 1991 rernm
1170 1951 1177 1989 :
1190 1931 1256 2004 qnia

668 2011 742 2065 sient
762 2017 891 2066 mortuus
910 2011 938 2064 et
956 2007 1082 2080 sepultus
1102 2005 1172 2061 nibil
1189 2021 1254 2076 pro·

667 2081 760 2153 prium
782 2081 891 2148 habet;
912 2078 953 2135 sic
976 2085 1005 2136 et
1020 2075 1169 2147 religiosus
1185 2075 1255 2132 nibil

669 2150 814 2224 proprium
830 2151 946 2218 habere,
966 2149 1016 2206 sed
1029 2148 1126 2209 omnia
1140 2146 1170 2202 in
1181 2163 1255 2202 com·

669 2223 749 2280 muni
777 2221 904 2279 dividere
931 2221 1024 2278 debet.
1051 2250 1085 2261 -
1112 2217 1253 2289 Secundo,

668 2291 1253 2367 quantumadsensumcarnisetmotnum,

668 2370 735 2440 quia
750 2366 822 2423 sicut
850 2371 979 2422 mortuns
1003 2362 1132 2432 privatur
1156 2377 1253 2431 sensu,
1293 2417 1296 2424 ,

668 2455 720 2495 nec
735 2437 916 2496 sensibilibus
935 2437 1050 2510 gaudet,
1068 2434 1109 2492 sic
1133 2439 1163 2491 et
1187 2433 1253 2490 reli-

667 2509 764 2582 giosus
779 2509 864 2568 debet
883 2526 946 2567 esse
962 2517 1092 2566 mortuns
1117 2511 1253 2579 qnantum

667 2583 704 2639 ad
718 2582 930 2652 delectationes,
942 2598 1005 2653 quae
1017 2583 1053 2636 all
1069 2593 1181 2636 sensnm
1195 2593 1255 2634 ear-

668 2654 867 2726 nis'pertineot
882 2673 890 2722 ;
906 2659 934 2710 ct
948 2652 1021 2710 sicut
1037 2658 1176 2720 mortuus,
1193 2666 1254 2707 mo-

665 2725 741 2782 venti
757 2743 785 2783 se
810 2742 868 2782 non
883 2724 1061 2788 contradicit.
1079 2723 1118 2780 sic
1132 2729 1157 2778 et
1181 2721 1253 2779 reli-

666 2798 893 2924 giosnspraelato
913 2813 943 2853 se
960 2796 1071 2868 regenti
1095 2810 1153 2850 non
1167 2793 1254 2850 debet

666 2875 767 2925 contra
789 2869 873 2936 icere,
888 2865 1251 2922 sedinomnibnsobedire.

666 2971 700 2982 —
720 2937 825 3007 Tertia,
844 2945 981 3010 qnantum
1006 2940 1041 2993 ad
1068 2934 1253 3006 domicilium,

666 3011 734 3083 qnia
757 3010 829 3067 sicut
845 3021 975 3066 mortuus
1001 3007 1141 3064 clauditur
1160 3010 1186 3062 in
1206 3023 1251 3063 se-

666 3083 795 3155 pulchro,
811 3081 851 3138 sic
867 3086 894 3136 ct
919 3080 1068 3154 religiosus
1091 3079 1176 3136 debet
1191 3095 1252 3136 esse

666 3155 780 3211 clausus
793 3152 822 3209 in
838 3152 981 3220 claustro;
998 3158 1026 3208 et
1039 3151 1110 3207 sicut
1126 3155 1253 3206 rnnrtnus

666 3226 701 3282 de
717 3230 900 3282 monumento
915 3239 973 3278 non
996 3221 1060 3290 exit,
1079 3219 1132 3276 nisi
1149 3221 1252 3292 adjus·

667 3296 776 3354 sionem
797 3295 857 3362 Dei,
882 3294 989 3351 scilicet
1010 3292 1056 3350 die
1075 3289 1186 3365 judicii,
1213 3290 1252 3348 sic

666 3385 718 3426 nec
737 3367 887 3439 religiosus
905 3366 989 3422 debet
1003 3364 1079 3422 exire
1097 3363 1251 3419 claustrum

666 3439 727 3497 sine
739 3440 866 3513 Jussione
886 3436 995 3510 praelati
1011 3455 1018 3508 ;
1036 3443 1064 3493 et
1087 3433 1160 3492 sicut
1175 3449 1250 3491 mor-

667 3517 731 3569 tuus
746 3528 803 3569 oon
818 3515 976 3568 murmurat
989 3509 1103 3583 qnando
1119 3505 1253 3564 transier-

665 3585 957 3648 turdemonumcnto
977 3581 1007 3638 in
1024 3583 1250 3650 monumentum,

666 3658 707 3712 sie
723 3672 774 3712 nec
793 3654 943 3728 religiosus
961 3655 1045 3711 debet
1071 3666 1249 3708 murmurare

666 3727 778 3799 quando
793 3727 949 3784 tranlertnr
970 3725 1005 3782 de
1022 3722 1193 3782 monasterio
1214 3723 1251 3780 ad

666 3797 881 3855 monasterinm.
902 3828 936 3838 -
951 3797 1066 3865 Quarto,
1086 3794 1171 3853 debet
1184 3794 1252 3852 assi-

666 3869 757 3926 milari
771 3869 892 3926 maxime
903 3865 1118 3925 mortiClrristi:
1133 3866 1162 3922 io
1178 3883 1252 3924 mor·

665 3945 693 3998 te
708 3944 784 3998 enirn
812 3940 917 3998 Christi
934 3939 1031 3996 anima
1052 3938 1141 3995 inita
1167 3954 1250 3995 carne

665 4023 806 4086 separata,
822 4012 918 4069 anima
934 4017 1031 4068 tamen
1047 4021 1075 4067 et
1101 4027 1167 4066 earo
1190 4011 1250 4067 luc-

664 4091 731 4142 runt
757 4083 899 4141 divinitati
929 4089 1039 4153 urrrtoe;
1066 4081 1155 4139 sicin
1183 4098 1249 4139 vero

664 4155 797 4229 religioso
810 4155 906 4213 anima
919 4155 1003 4214 debet
1012 4171 1075 4213 esse
1089 4157 1219 4226 separata
1232 4167 1250 4209 a

664 4245 760 4298 carne,
772 4228 917 4284 ntscilicct
928 4227 1005 4288 carni
1020 4243 1078 4286 non
1091 4223 1250 4282 consentiat

663 4299 693 4356 in
708 4300 803 4372 aliquo
813 4299 921 4357 carnali
932 4315 1039 4362 amore,
1051 4299 1249 4375 animatamen

663 4378 691 4427 et
705 4389 771 4428 earo
787 4373 843 4429 Deo
859 4375 964 4429 debent
987 4385 1048 4426 esse
1063 4371 1167 4425 unitec:
1192 4381 1251 4446 arir-

662 4459 708 4501 ma
718 4459 770 4516 per
783 4458 922 4515 amorem,
936 4457 1003 4499 caro
1016 4455 1068 4512 per
1080 4438 1250 4508 incorrupti-
