2974 5040
160 383 206 436 tto

531 371 688 428 SECUNDAE
714 369 834 425 Pluris
862 371 968 424 catut
995 371 1012 424 l.

159 451 744 533 parentibusnostrisalllictis‚etinneces·
800 449 872 507 leret
894 448 1026 519 amplius.
1048 451 1125 508 Tunc
1150 449 1227 507 enim
1246 465 1311 506 non
1334 455 1396 507 erat

162 527 294 588 sitatibus
312 525 480 594 subvenire3
500 540 533 581 ac
555 523 610 592 eis,
631 521 745 595 quando
800 521 1009 594 tempusipsam
1021 521 1141 578 dulciter
1152 521 1397 594 alloquendum

162 599 301 672 indigent,
318 613 415 656 curam
430 602 459 656 et
472 595 599 654 debitum
614 593 745 665 obsequi·

161 690 210 733 um
219 671 399 746 impendere3
411 675 438 726 et
448 671 475 726 in
485 683 663 742 quocumque
673 672 748 722 statu

164 745 262 812 simus,
272 753 413 816 parentes.
423 747 558 812 durantum
574 741 648 797 bono
663 740 747 794 modo

163 815 492 888 lieripotestmonorare.
500 813 577 881 Quod
585 810 749 884 priusmau·

164 887 250 954 davit,
263 886 360 943 diceus
376 903 383 942 :
400 888 510 943 Honora
524 891 630 956 putrem
643 888 668 940 et
683 899 748 937 mo·
762 917 767 930 .

163 965 243 1028 trem,
256 958 310 1015 hoc
322 973 398 1015 nunc
409 973 460 1014 suo
474 956 601 1026 exemplo
616 953 711 1012 docuit
721 956 750 1009 et

164 1029 242 1100 lecit,
256 1030 332 1102 quod
346 1028 506 1086 iaciendum
519 1025 677 1100 admonuit.
694 1025 748 1081 Pro

164 1117 195 1160 se
209 1099 285 1159 enim
303 1099 395 1170 Matri,
409 1117 495 1174 quem
515 1100 641 1158 moriens
662 1095 748 1154 relin-

163 1174 278 1248 quebat,
294 1172 416 1230 alterum
432 1171 642 1245 quodammodo
661 1169 749 1226 dliurn

162 1246 200 1304 ad
212 1245 273 1303 e‘us
287 1260 386 1302 curam
399 1249 428 1302 et
440 1244 607 1318 obsequium
620 1241 748 1316 provide-

162 1317 222 1376 bat.
244 1317 322 1374 nboc
331 1323 425 1375 autem
437 1317 620 1390 quodloanni
632 1317 749 1372 Matrem

163 1389 383 1460 commendavit,
408 1405 511 1462 magua
526 1387 686 1446 ostenditur
707 1385 749 1441 di·

163 1465 258 1536 gnitas
271 1459 401 1534 loannis,
411 1468 440 1519 et
450 1467 556 1536 quanto
567 1476 632 1518 eum
643 1461 750 1516 bonore

162 1533 321 1592 honoravit.
349 1536 391 1602 Et,
415 1539 447 1591 ul
470 1533 537 1590 dicit
559 1535 750 1600 Hieronymus,

163 1605 302 1688 pudicitia
317 1604 443 1687 Virginis
458 1604 526 1686 nulli
546 1602 751 1730 discipulorum

164 1681 612 1748 rectiusquamurgmicommcn
635 1679 750 1730 ataest:

164 1751 196 1806 ut
210 1755 286 1804 esset
299 1747 335 1803 ad
350 1745 471 1803 invicem
486 1751 568 1818 grata
580 1745 711 1814 societas,
724 1749 753 1802 et

165 1816 285 1877 floridus
294 1822 435 1890 aspectus,
446 1833 499 1875 nec
511 1834 569 1875 nou
579 1823 607 1876 el
617 1823 753 1875 venustus

164 1890 353 1948 conversandi
369 1906 492 1948 vernaus
501 1889 661 1948 alternatim
673 1890 753 1962 pudi-

165 1961 296 2021 citiarum
324 1962 459 2037 splendor
477 1963 638 2022 decoratus.
658 1965 694 2020 m
719 1977 754 2018 eor

164 2036 218 2093 illo
228 2035 451 2109 doro,quamdiu
463 2035 532 2093 viril
543 2035 754 2107 Maria,ocoepil

164 2123 225 2165 eona
236 2105 756 2181 loannesda‘soipulnsinsua,scilicel

165 2177 286 2241 insuam
295 2179 753 2254 matremsecundumquosdam

165 2253 217 2310 sed
231 2253 433 2325 congruentius
444 2251 661 2322 subauditur,in
675 2264 757 2308 suam

173 2339 271 2381 curam
285 2330 313 2379 ct
322 2323 550 2388 sollicitudinem,
564 2339 649 2394 quam
665 2322 701 2380 de
715 2337 758 2378 ce·

173 2399 235 2452 tero
259 2392 420 2466 specialiter
436 2395 471 2451 dc
487 2411 522 2451 ea
545 2396 671 2465 gerebat.
693 2393 759 2464 quia

174 2463 311 2538 quidquid
320 2463 346 2520 ei
354 2465 623 2534 necessariumerat‚
631 2463 760 2536 adipsius

173 2551 272 2594 curam
292 2536 459 2606 pertinebat.
479 2536 605 2593 Tradidit
625 2535 760 2594 Dominus

174 2607 257 2666 Matri
269 2607 410 2665 loannem
424 2623 476 2680 pro
487 2609 566 2677 lesu,
579 2624 692 2666 servum
707 2626 759 2682 pro

175 2675 313 2760 Domino,
340 2676 510 2752 discipulum
538 2695 589 2752 pro
616 2679 758 2754 Magistro,

176 2751 323 2809 hommem
356 2766 388 2808 ro
402 2767 468 2808 vero
485 2753 552 2822 Deo,
568 2751 657 2810 lilium
672 2754 761 2810 Zebe-

177 2821 243 2894 daei,
259 2838 310 2896 pro
347 2821 394 2880 ilio
409 2821 470 2894 Dei,
480 2829 610 2898 nepotem
625 2841 676 2899 pro
691 2825 761 2882 Filio

177 2912 241 2964 suo,
259 2896 307 2967 qui
324 2899 386 2952 erat
402 2899 492 2952 totum
512 2913 594 2954 suum
615 2897 761 2969 gaudium,

177 2983 211 3024 ac
223 2966 282 3024 rita
295 2982 347 3024 sua
361 2971 389 3022 et
403 2966 545 3024 solatium.
561 2969 629 3036 Quae
644 2970 762 3026 mutatio

176 3035 270 3112 ipsam
286 3037 362 3095 intus
373 3039 490 3108 cruciat,
501 3056 533 3096 ac
547 3039 627 3096 Matri
638 3041 763 3098 amarior

177 3108 613 3184 omnibusdoloribuscorporeae
621 3112 763 3170 Passionis

178 3181 286 3250 existit,
299 3187 328 3240 el
342 3188 436 3240 cetera
449 3183 535 3241 corda
551 3185 686 3256 bumana,
699 3185 764 3242 licet

178 3271 271 3325 saxea,
282 3253 349 3313 licet
366 3254 590 3326 lerrea,scindit.
606 3255 674 3325 Quis
687 3257 764 3314 enim

178 3325 240 3385 sina
261 3325 386 3400 singultu
405 3327 502 3384 audiet
521 3343 587 3384 eum
602 3329 664 3384 baec
678 3329 764 3386 verba

179 3397 343 3456 dicentem?
357 3399 419 3453 Nun
434 3397 503 3454 dixit
518 3398 544 3455 ei
560 3417 567 3454 ι
582 3400 686 3468 Mater;
703 3401 763 3470 sed,

178 3471 288 3536 muller,
316 3483 352 3524 ne
375 3468 473 3524 Matris
494 3468 622 3528 dolorem
643 3471 765 3542 amplius

179 3538 323 3597 excitaret.
335 3539 415 3596 Unde
425 3541 631 3610 chrysostomus
642 3540 689 3598 hic
705 3559 763 3600 mo-

179 3610 270 3669 vendo
280 3611 524 3684 quaesliouem‚sic
533 3611 615 3669 dicit:
629 3633 643 3666 u
657 3614 764 3673 Dbono

178 3683 255 3752 lesu,
272 3684 319 3755 qui
338 3685 456 3741 Matrem
469 3689 547 3743 tuam
560 3684 763 3758 dulcissimam,

179 3769 243 3827 quae
255 3753 295 3811 ilo
303 3754 488 3828 diligenterle
497 3756 623 3828 nutrivit,
633 3777 764 3817 reveren·

180 3832 225 3908 ter
236 3828 377 3896 tractavit,
387 3833 415 3884 et
424 3829 545 3888 dulciter
556 3831 680 3902 lactavit,
693 3832 764 3889 adeo

179 3896 334 3954 tndulciter
356 3899 523 3971 alloquerisl
545 3903 647 3974 used,
669 3909 700 3961 ut
715 3903 765 3960 di-

180 3973 257 4026 ctum
271 3975 324 4051 est²
335 3986 391 4027 non
402 3974 512 4029 vocavit
522 3988 583 4031 eam
595 3977 724 4044 Matrem,
736 3979 765 4032 at

179 4055 323 4123 communi
340 4041 461 4123 'nomine
472 4060 481 4113 ;
500 4061 536 4102 ne
562 4061 614 4118 pro
642 4045 762 4102 materni

179 4113 764 4186 nominis,stexprimeretur,etuebcmen-

178 4184 215 4244 tis
234 4183 340 4244 amoris
356 4185 547 4243 teneritudine
562 4195 765 4259 aggravaretur

178 4257 303 4333 Virginis
318 4256 441 4328 animus,
453 4273 488 4316 ac
505 4257 603 4316 ridens
619 4258 679 4316 Filii
699 4262 763 4319 Pas·

178 4329 302 4402 sionem,
314 4335 342 4390 et
356 4329 474 4390 audiens
485 4329 582 4388 Matris
592 4347 707 4403 nomen,
716 4333 764 4392 do·

802 595 899 651 Matris
925 609 1031 652 nomen
1057 593 1251 666 exprimendi;
1299 593 1351 650 uia
1375 591 1397 648 si

802 665 930 724 Clrristus
945 665 1056 723 dulcius
1075 665 1128 724 sibi
1149 666 1261 723 locutus
1275 609 1398 733 inisset,

803 739 876 794 lorte
891 753 940 794 cor
956 737 1079 810 Virginis
1091 737 1260 810 crepuisset.

839 815 873 867 53
884 813 979 867 Brara
988 813 1084 868 Maure
1090 812 1216 866 Vmouus
1224 827 1398 866 uanmca.

803 914 838 924 -
853 883 938 940 Stans
952 887 1047 939 aulem
1061 881 1198 940 Dominus
1213 881 1242 938 iu
1256 898 1349 938 crure
1365 880 1400 936 ia-

803 953 876 1012 ciem
891 970 989 1012 versus
1004 954 1188 1012 Occidentem
1202 955 1342 1021 tenebat,
1355 952 1402 1008 sed

804 1027 894 1084 Maria
908 1032 938 1084 et
950 1029 1072 1084 loannes
1086 1043 1185 1083 versus
1196 1025 1356 1084 Orientem
1369 1022 1402 1080 ad

804 1099 907 1158 Christi
923 1096 1023 1154 laniem
1040 1098 1227 1172 respicientes
1238 1095 1359 1168 jugiter
1370 1099 1404 1151 la·

805 1169 1402 1244 crymaslundebant.contemplaremttu,

805 1243 955 1300 Dominum
967 1249 1059 1310 tuum,
1068 1247 1099 1299 ut
1111 1241 1255 1298 movearis
1265 1241 1307 1297 ad
1324 1256 1404 1296 com·

805 1314 980 1389 patiendum.
997 1315 1076 1372 Unde
1090 1315 1260 1370 anselmus:
1274 1333 1291 1367 a
1311 1315 1348 1369 dt
1364 1319 1404 1380 tu,

806 1403 869 1444 cum
886 1389 975 1444 Matre
989 1392 1018 1442 et
1032 1388 1143 1444 loanne
1160 1385 1266 1444 accede
1282 1386 1325 1442 ad
1341 1401 1405 1441 cru-

806 1475 879 1528 cem,
890 1465 919 1516 et
932 1459 1076 1532 pertusum
1089 1460 1198 1532 pallore
1210 1457 1326 1513 vultum
1338 1457 1406 1514 lesu

807 1529 934 1589 cominus
947 1533 1068 1588 intuere.
1083 1530 1155 1598 Quid
1168 1546 1237 1601 ergo
1246 1529 1262 1585 ‘l
1272 1531 1332 1598 Tu,
1345 1528 1407 1584 sine

807 1603 940 1677 lacrymis
961 1602 1168 1660 amantissimae
1190 1600 1330 1658 Duminae
1351 1607 1405 1656 tua

808 1677 946 1748 lacrymas
960 1675 1092 1732 videbis?
1105 1677 1157 1742 Tu,
1170 1672 1255 1730 siccis
1270 1671 1406 1729 manebis

808 1747 908 1815 oculiS,
926 1752 954 1804 el
978 1748 1040 1820 eius
1063 1748 1188 1804 animam
1211 1743 1406 1818 pertransibit

808 1819 919 1894 gladius
930 1819 1059 1877 doloris?
1073 1822 1113 1878 lu
1127 1818 1189 1875 sine
1204 1817 1341 1888 singultu
1356 1832 1407 1872 au-

809 1895 870 1950 dies
881 1909 947 1950 eum
960 1891 1102 1950 dicentem
1117 1889 1199 1948 llatri
1211 1908 1218 1947 2
1231 1890 1357 1954 Mulier,
1368 1903 1407 1942 ee

810 1967 1021 2034 cantinelosum
1039 1973 1067 2020 et
1080 1963 1185 2022 loanni
1202 1980 1210 2018 t
1228 1965 1299 2019 Ecce
1317 1965 1408 2040 muter

811 2041 869 2094 tuo.
887 2058 902 2088 n
923 2039 956 2093 m
974 2035 1078 2094 iterum
1100 2053 1107 2091 :
1129 2058 1144 2088 u
1165 2036 1277 2091 Mulier.
1294 2031 1407 2104 inquit,

811 2125 869 2165 cooe
886 2109 961 2179 lilius
981 2107 1104 2164 tonsili
1122 2104 1332 2164 commutatio!
1352 2104 1408 2160 Pru

813 2186 920 2238 aeterno
934 2185 962 2236 el
978 2178 1202 2238 incommutabili
1219 2181 1406 2249 Dco,purum

813 2257 842 2308 el
851 2251 1065 2324 corruptibilem
1080 2251 1239 2319 hominem
1252 2265 1307 2322 pro
1325 2255 1408 2327 natu-

815 2323 866 2382 rali
880 2328 907 2380 et
923 2324 1007 2380 unico
1024 2322 1104 2394 l'ilio,
1122 2337 1233 2380 servum
1246 2320 1363 2392 accepit
1379 2335 1407 2374 m

814 2397 915 2452 lilium.
930 2395 1093 2464 ODomiua,
1104 2391 1408 2468 qui‚precor,coaita-

814 2475 861 2524 tus
874 2466 905 2524 in
921 2471 949 2524 tc
964 2469 1164 2535 succedebant,
1180 2481 1242 2523 cum
1258 2471 1320 2521 tam
1338 2463 1407 2519 ina

817 2538 987 2596 stimabilem
1004 2538 1258 2596 commutationem
1277 2537 1314 2593 ab
1332 2537 1342 2590 i
1365 2551 1407 2598 so.

817 2627 902 2683 quem
917 2627 1002 2683 super
1012 2611 1109 2668 omnia
1119 2607 1331 2682 diligebastibi
1343 2551 1406 2663 ieri

816 2683 975 2741 audiebas?
994 2684 1067 2740 Vere
1086 2689 1164 2740 tuam
1183 2681 1310 2738 animam
1339 2695 1407 2752 per-

817 2754 948 2813 transivit
957 2754 1069 2827 gladius
1079 2752 1346 2826 doloris,quoniam
1358 2749 1406 2807 tui

817 2826 942 2886 amarior
967 2826 1071 2885 exstitit
1097 2827 1229 2884 omnihus
1256 2823 1406 2882 doloribus

818 2893 1405 2982 cujusviscorporeaepassionis.Quidquid

819 2987 894 3028 erum
909 2971 1083 3030 crudelitatis
1099 2971 1238 3029 inflictum
1253 2973 1298 3026 est
1308 2983 1405 3038 corpo

819 3042 899 3100 ribus
911 3045 1076 3127 Martyrum,
1092 3044 1153 3101 leue
1166 3041 1229 3110 luit,
1245 3049 1296 3098 aut
1311 3039 1406 3112 potius

819 3114 901 3183 nihil,
922 3121 1134 3188 comparatione
1152 3113 1241 3187 ipsius
1261 3119 1318 3170 tuae
1338 3127 1404 3180 pas-

820 3186 918 3254 sionis,
931 3203 993 3258 quae
1007 3187 1140 3244 nimirum
1153 3183 1404 3261 suaimmensitate

820 3259 961 3315 transfixit
994 3259 1130 3316 enetralia
1148 3257 1190 3314 tui
1208 3253 1402 3328 benignissimi

821 3328 915 3386 cordis
927 3347 934 3386 ε
946 3350 960 3382 u
975 3278 1036 3388 Haec
1048 3332 1205 3387 Anselmus.
1218 3331 1297 3386 Unde
1309 3331 1337 3384 et
1347 3329 1402 3382 Aa·

820 3407 972 3472 uestinos:
993 3402 1105 3459 «Matri
1123 3400 1260 3460 Dominus
1278 3399 1308 3456 in
1324 3413 1403 3456 cruce

818 3473 877 3546 jam
897 3472 1007 3538 anxius.
1023 3473 1112 3531 oculis
1131 3479 1159 3530 et
1171 3472 1250 3530 vultu
1266 3485 1403 3529 annuens.

821 3545 974 3603 dcloanne
987 3545 1041 3603 nit:
1053 3548 1164 3615 Mulier,
1173 3562 1230 3602 ecoe
1242 3547 1319 3616 {ilices
1332 3549 1403 3598 tuos.

820 3619 892 3674 Ecce
907 3620 1042 3688 loannes,
1057 3618 1104 3690 qui
1116 3623 1160 3674 est
1178 3621 1357 3688 nepesinus,
1372 3611 1403 3669 de

820 3688 1165 3762 celeroreputabiturtibi
1176 3689 1404 3757 iilius,etcuram

819 3760 937 3818 habebit
953 3763 1003 3829 tui,
1016 3767 1044 3818 et
1057 3760 1111 3818 erit
1124 3761 1256 3818 solatium
1272 3759 1322 3816 tibi
1339 3757 1403 3837 iidc-

820 3832 970 3890 lissimum.
988 3833 1055 3890 Inde
1070 3832 1189 3890 intuitus
1202 3835 1354 3894 loannem,
1368 3829 1406 3885 di·

819 3903 1191 3974 xitillizdcoemotertun3ci
1202 3901 1405 3972 servisset-u·

820 3992 880 4033 ram
892 3975 968 4034 illius
981 3979 1066 4046 habe,
1077 3993 1139 4034 eam
1157 3975 1208 4032 tibi
1221 3972 1404 4036 corumcndo;

820 4045 931 4120 suscipe
946 4055 1065 4106 matrem
1080 4056 1168 4117 tuam,
1178 4047 1235 4104 imo
1246 4062 1338 4119 magis
1349 4059 1407 4100 sus·

822 4123 882 4192 cipe
899 4123 1016 4178 Matrem
1033 4137 1137 4178 meam.
1155 4123 1225 4177 Dum
1240 4120 1301 4176 haec
1319 4129 1407 4190 pauca

820 4191 937 4262 diceret,
951 4193 990 4250 illi
1004 4193 1060 4250 duo
1076 4191 1173 4251 dilecti
1189 4195 1331 4264 lacrymas
1347 4189 1407 4244 luu-

820 4263 888 4322 dere
908 4281 965 4322 non
984 4267 1143 4325 cessabant.
1162 4263 1306 4322 'iacebant
1325 4259 1407 4320 ambo

821 4335 861 4392 illi
886 4337 1039 4412 Martyres,
1065 4342 1174 4411 elprae
1198 4334 1286 4394 nimio
1311 4332 1409 4390 dolore
