2974 5040
187 435 216 492 rs
529 419 690 488 saccina
718 407 835 490 ituris
865 411 968 489 otior
996 433 1070 489 titii

185 541 324 602 imitanda
334 537 535 616 patientia;sic
550 555 683 612 regnum,
693 541 770 670 Quod
823 545 933 598 lactum
949 539 993 598 esl
1007 553 1104 612 supra.
1119 539 1185 598 llaec
1199 545 1299 624 autem
1312 555 1419 600 secun·

183 615 220 673 de
239 613 417 674 boemundo
438 627 495 670 non
516 617 590 682 erat,
613 628 699 684 super
721 629 770 670 um
823 611 892 672 dum
906 615 1048 672 loannem
1062 613 1316 670 antesententiam
1330 615 1416 672 Pilati

184 687 320 744 mundum
344 703 403 742 uon
432 683 586 766 atrocitate
609 683 768 756 pugnandi,
823 685 899 744 iacta
913 689 997 753 sunt;
1014 683 1066 766 sed
1078 685 1228 742 Matthaeus
1243 689 1271 741 et
1286 687 1418 754 Marcus,

183 759 233 816 sed
268 757 375 817 aliendi
389 755 711 826 humilitateirncebal3
727 758 769 814 sic
824 761 888 829 post
911 761 1094 826 sententiam,
1115 771 1150 813 ea
1169 769 1232 830 quae
1255 759 1419 815 omiserant

182 775 396 903 illufgranum
416 825 661 910 multiplicandum
683 827 768 912 semi·
821 827 1013 897 recordando,
1027 833 1147 910 ponunt.
1163 829 1208 885 Sic
1223 843 1304 956 ergo,
1322 834 1356 886 ut
1372 831 1418 888 di·

183 903 307 960 nebatur
321 901 451 960 horribili
470 899 654 968 contumelia,
668 904 700 958 ut
716 915 768 960 mi·
822 904 899 958 ctum
915 906 969 970 est,
979 899 1119 972 Martyres
1132 900 1256 958 informa
1277 907 1370 958 antur
1381 903 1417 960 ad

182 973 266 1032 rabili
287 973 439 1042 pullularat
457 971 487 1030 in
514 967 606 1044 gloria
632 988 639 1028 :
667 987 681 1024 i
706 972 768 1030 hec
820 971 994 1048 perferenda
1008 969 1117 1042 omnia,
1132 985 1196 1044 quae
1211 985 1228 1026 a
1245 979 1417 1044 persecuto-

182 1046 431 1114 locatimve
446 1039 533 1117 igitur
552 1041 707 1114 semel,vae
724 1060 767 1102 ita
820 1042 899 1104 ribus
926 1041 1134 1102 inferebantur.
1163 1042 1245 1112 Quod
1277 1043 1360 1104 enim
1387 1045 1416 1104 in

184 1116 240 1186 bis,
258 1121 343 1176 etvae
360 1115 477 1184 iterum,
491 1111 547 1182 his,
564 1112 613 1188 qui
627 1117 767 1187 positam
821 1119 900 1174 reste
922 1113 1038 1184 duplici,
1058 1112 1168 1172 scillcet
1187 1111 1252 1172 albe
1271 1125 1301 1172 et
1320 1117 1416 1176 rubea

181 1189 352 1261 praeclarum
371 1185 541 1246 humilitatis
552 1187 702 1258 speculum
717 1203 766 1244 su·
820 1185 951 1246 Christus
965 1185 1068 1244 illusus
1080 1202 1143 1244 essa
1164 1185 1335 1259 perhibetur
1353 1189 1414 1248 ain

181 1259 282 1332 perbis
295 1259 437 1318 tolluntur
450 1257 481 1316 in
496 1258 597 1328 altum,
610 1259 767 1330 opprobria

181 1333 339 1404 refugiunt,
359 1332 440 1390 etad
458 1331 585 1412 bonores
611 1329 764 1402 aspirent:

182 1417 283 1461 rursus
301 1406 475 1475 contemptui
490 1401 628 1460 habentes
649 1402 700 1460 Dei
715 1401 767 1460 Fi-

182 1473 264 1546 lium,
279 1491 364 1547 quem
380 1479 459 1532 tanto
475 1475 512 1532 eb
527 1472 690 1532 hominibus
704 1489 765 1533 am·

183 1545 259 1620 plius
271 1545 348 1606 omni
362 1549 475 1604 constat
488 1543 708 1604 honoriticentia
722 1545 765 1604 di·

181 1635 282 1690 gnum,
302 1623 410 1690 quanto
432 1634 484 1689 pro
501 1613 669 1699 hominibus
688 1615 764 1674 indi·

180 1689 283 1760 gniora
297 1689 445 1749 sustinuitl
462 1689 541 1746 Unde
553 1693 595 1746 ait
608 1689 765 1758 chrysosto-

182 1777 243 1817 mos
257 1781 265 1817 ε
283 1783 297 1814 a
310 1759 362 1817 ibt
375 1763 473 1821 aulem
488 1757 593 1817 talibus
607 1759 690 1818 sectis
704 1759 765 1833 ipse

179 1830 304 1890 instabat
318 1829 417 1900 silens,
435 1835 468 1888 iu
482 1847 549 1888 iero
570 1829 691 1889 audiena
704 1833 766 1892 haec

180 1899 210 1959 in
230 1908 324 1962 mente
343 1903 419 1962 haba
444 1901 589 1971 continue,
608 1907 637 1960 et
658 1905 765 1976 Regem

181 1973 261 2034 orbis
279 1979 421 2032 terrarum
435 1979 463 2032 et
480 1971 653 2058 Angelorum
668 1975 764 2034 Domi·

180 2061 248 2106 num
268 2047 368 2106 videns
380 2047 583 2106 contumeliam
596 2047 762 2120 patientem,

180 2123 210 2176 et
223 2119 319 2180 omnia
335 2121 475 2178 iocantem
490 2117 604 2178 silentio
620 2117 763 2178 imitare.»

181 2193 215 2248 Et
228 2190 333 2250 iterum
350 2209 358 2250 ε
378 2211 393 2246 «
411 2193 479 2260 Quas
497 2187 585 2265 igitur
610 2189 666 2248 erit
681 2191 764 2250 nobis

181 2279 250 2322 cura
269 2264 305 2321 de
329 2270 435 2334 cetero,
459 2261 483 2320 si
509 2262 699 2322 contumelias
727 2263 763 2320 ab

180 2334 276 2407 aliquo
285 2335 440 2408 patiemur,
451 2335 674 2407 postquamhaec
685 2333 764 2392 Chii·

180 2411 241 2463 stus
255 2422 356 2478 passus
370 2407 434 2463 asti
453 2426 468 2458 s
484 2405 603 2486 'Etenim
622 2405 700 2477 quod
715 2403 764 2464 sie·

180 2477 230 2534 bat
248 2476 278 2534 in
297 2477 423 2544 Christo,
440 2476 557 2536 ultimus
582 2477 763 2536 contumeliae

178 2549 318 2604 terminus
346 2553 428 2614 eiat;
459 2563 511 2604 nac
536 2563 592 2606 une
623 2547 763 2619 particula

177 2625 300 2690 tantum,
315 2619 365 2676 sed
379 2617 540 2676 universum
557 2634 660 2691 corpus
674 2619 765 2692 patie-

177 2691 263 2750 batur
280 2690 289 2747 i
314 2692 424 2748 'uiiesz
449 2696 535 2763 caput
549 2706 600 2763 per
615 2703 762 2763 coronam,

176 2767 206 2820 et
230 2778 303 2822 erun
327 2761 413 2832 neni,
436 2767 466 2819 et
493 2761 647 2834 colaphos;
663 2762 761 2835 iacies,

176 2833 244 2906 quia
255 2835 466 2906 conspuebatur
479 2852 486 2907 3
501 2850 594 2906 genas,
614 2833 683 2908 qnia
701 2835 761 2894 ala-

175 2908 219 2978 pis
240 2906 440 2976 caedebantur3
463 2911 568 2978 corpus
584 2913 689 2977 totuin,
709 2923 761 2981 per

175 2978 300 3050 flagella,
320 2983 349 3036 at
367 2977 434 3050 quia
455 2977 632 3036 denudatum
656 2985 712 3049 est,
732 2983 761 3036 et

173 3064 226 3121 per
251 3049 507 3107 circumdationem
532 3049 714 3123 chlamydis,
732 3055 761 3108 et

175 3136 227 3192 pei
240 3121 337 3180 lictant
352 3121 570 3192 adorationem,
584 3138 695 3191 manus,
709 3138 761 3195 pei

89 3239 94 3248 .
174 3193 346 3262 arundinem
372 3209 459 3278 quam
488 3193 630 3252 dederunt
655 3193 683 3250 ei
707 3210 760 3267 pio

172 3272 284 3339 seeptro
296 3285 304 3323 ι
317 3282 351 3325 ee
362 3283 387 3324 si
399 3265 535 3326 timerent
546 3265 760 3339 nepiaetarniib

123 3345 128 3350 '
172 3341 267 3396 terent
289 3337 399 3412 aliquid
424 3337 601 3410 gravissimae
619 3353 758 3411 prasum-

171 3409 289 3480 ptionis.
303 3411 382 3468 Unde
392 3409 433 3467 eil
442 3409 613 3466 Audimus:
630 3430 645 3464 o
659 3407 759 3481 Regali

172 3495 300 3552 purpura
310 3480 459 3548 induitui;
474 3481 525 3538 sod
538 3479 603 3552 plus
616 3479 646 3538 in
660 3497 695 3538 eo
706 3481 757 3538 de-

172 3550 303 3624 spicitur,
320 3566 408 3623 quam
419 3551 590 3608 honoratur.
607 3553 758 3624 Scaptium

172 3620 203 3679 in
215 3637 302 3680 mauu
313 3626 421 3696 gestan
430 3622 482 3680 sed
496 3638 531 3680 eo
545 3621 607 3697 ipso
622 3639 756 3682 reveren·

172 3693 241 3751 dum
253 3699 338 3769 caput
356 3695 417 3767 ejus
435 3694 547 3753 teritur.
563 3694 693 3754 Aderant
708 3711 757 3754 co-

171 3781 234 3824 ram
245 3765 318 3840 ipso,
333 3767 434 3839 positis
448 3766 571 3839 genibus
584 3765 613 3824 in
628 3771 718 3837 tarra,
728 3772 757 3824 et

171 3851 269 3908 regem
287 3841 468 3896 conclamant
478 3857 485 3910 ;
496 3839 552 3922 ‘sed
568 3839 705 3922 continuo
718 3839 756 3896 ad

171 3909 756 4064 ttllthlhtltlitnP,titii

171 4055 255 4124 liunt,
272 4059 302 4111 et
322 4053 490 4110 honorabile
505 4054 611 4111 collum
626 4055 752 4111 exhono-

169 4127 236 4181 iant
251 4142 258 4182 :
272 4147 287 4176 ι»
302 4126 363 4182 haec
378 4125 535 4182 dussimus.
557 4125 663 4184 Omnes
683 4141 752 4183 iero

169 4195 232 4253 istie
249 4195 396 4254 illusiones
409 4195 541 4266 militum,
553 4204 582 4254 et
597 4201 750 4254 contume-

167 4269 214 4326 liae
240 4269 407 4328 ludaeorum
425 4267 538 4326 Christo
562 4267 648 4324 illatae
667 4266 751 4325 nobis

168 4343 297 4402 tribuunt
311 4339 462 4417 mysteria,
477 4339 543 4398 licet
558 4339 614 4398 alia
629 4337 748 4423 intenti·

169 4430 224 4474 ons
243 4416 280 4476 ab
299 4413 340 4476 eis
359 4414 416 4473 sint
434 4413 518 4484 lacte,
538 4417 624 4486 prout
642 4427 748 4485 sepius

819 1258 1415 1414 bb,tlibirtbllbtilhtiihb

820 1405 908 1464 elram
926 1399 1071 1475 significat
1084 1399 1189 1474 duplex
1211 1402 1344 1474 martyrii
1360 1419 1411 1478 ge

820 1489 885 1545 nus,
901 1491 958 1548 quo
977 1473 1007 1532 in
1020 1473 1202 1558 passionibus
1215 1473 1343 1532 Ecclesia
1358 1477 1411 1534 ad-

819 1543 1178 1616 ornatui,uts1tcandida
1193 1543 1370 1618 virginitate,
1383 1555 1411 1606 et

819 1616 978 1676 rubicunda
994 1616 1152 1692 sanguine5
1166 1619 1195 1673 et
1209 1615 1270 1690 ipsa
1280 1617 1411 1679 Ecclesia

818 1687 906 1747 variis
929 1687 1126 1746 membrorum
1150 1703 1269 1748 suorum
1295 1691 1410 1750 floscu-

819 1757 853 1818 lis
876 1775 1000 1819 vernaus
1023 1759 1054 1818 in
1071 1759 1225 1843 paceklilia
1250 1759 1354 1844 gignit,
1380 1761 1410 1820 in

818 1831 894 1890 bello
918 1848 1011 1902 rosas,
1031 1832 1107 1891 unde
1128 1831 1197 1888 dtcll
1211 1831 1408 1892 admirando:

817 1905 942 1961 Dilectus
968 1920 1043 1962 meus
1069 1903 1208 1960 condidus
1230 1909 1257 1962 et
1276 1907 1410 1962 inlicitis·

818 1975 891 2032 dus:
908 1976 1056 2041 candidus,
1071 1975 1181 2032 scilicet
1193 1975 1319 2045 actione,
1334 1983 1365 2034 at
1378 1977 1408 2034 in

818 2062 898 2120 pace,
913 2045 1005 2105 lilium
1015 2045 1172 2120 virginum
1187 2063 1220 2106 cc
1234 2047 1409 2106 remeandas

817 2117 1047 2190 sanguineam
1059 2117 1144 2186 bello,
1156 2135 1224 2176 rosa
1236 2125 1407 2192 martyrum.

818 2191 848 2250 Iu
859 2195 984 2263 utroque
995 2207 1063 2258 erpo
1075 2189 1176 2247 habitu
1187 2191 1303 2248 Domini
1313 2197 1409 2264 potest

818 2263 911 2320 omnis
920 2261 1073 2320 molhtudo
1086 2261 1245 2320 electorum
1259 2261 1384 2336 intelligi
1400 2283 1406 2320 :

817 2331 884 2392 alba
902 2335 979 2392 enim
996 2337 1075 2391 veste
1094 2331 1252 2392 induuntur
1274 2334 1410 2406 Virgines

817 2409 847 2464 et
864 2403 1060 2474 Conlessoras,
1080 2409 1110 2463 et
1129 2405 1220 2462 rubea
1246 2407 1409 2480 Martyres3

817 2477 895 2550 unde
910 2481 938 2534 et
949 2476 1087 2536 Dominus
1099 2475 1164 2534 alba
1174 2481 1254 2536 veste
1267 2475 1408 2550 induitur,

817 2564 882 2606 cum
912 2549 1021 2607 munda
1048 2550 1192 2621 justorum
1223 2550 1409 2608 contessione

817 2617 1030 2688 circumdatum
1047 2621 1137 2678 rubca
1151 2621 1283 2686 vestitui,
1297 2637 1363 2680 curn
1379 2625 1408 2680 iu

817 2689 971 2766 triumphis
1000 2690 1219 2750 victoriosorum
1249 2695 1408 2768 ldartyium

817 2763 967 2892 flii'fiaffli·
983 2761 1012 2822 Si
1023 2769 1161 2846 aulemte
1174 2761 1284 2822 nudum
1297 2765 1408 2848 absque

838 2851 862 2894 ts
875 2835 1004 2895 vestibus
1021 2835 1178 2906 inveneris,
1200 2839 1281 2894 reste
1300 2835 1407 2896 Christi

815 2905 907 2989 rubea
928 2906 1059 2978 induere,
1077 2909 1107 2964 el
1126 2909 1202 2966 lotus
1217 2907 1323 2968 Christi
1339 2923 1404 2984 pas·

816 2978 1115 3036 sionibusadoiuare.

853 3069 885 3108 aa
900 3051 1033 3110 Carisius
1048 3067 1137 3109 conii
1154 3069 1258 3110 cornio
1271 3071 1290 3112 a
1303 3053 1407 3112 Pinnio

815 3139 976 3180 annuemus.
997 3153 1032 3166 -·
1052 3121 1118 3192 Sed,
1140 3139 1192 3180 nec
1210 3123 1265 3190 illis
1284 3125 1407 3184 sufficio·

814 3194 866 3252 bat
878 3193 953 3266 quod
968 3191 1005 3251 ad
1021 3194 1162 3266 majorem
1178 3193 1342 3254 illusionem
1362 3201 1407 3254 to·

814 3269 874 3322 lam
891 3265 1041 3324 cohortem
1061 3264 1185 3324 militum
1210 3282 1408 3342 congregara-

815 3341 890 3406 iant,
919 3335 970 3394 sed
993 3342 1022 3395 et
1042 3337 1133 3396 Pilato
1150 3337 1286 3410 jubente,
1307 3356 1408 3398 coram

814 3405 876 3480 ipso
897 3413 926 3468 et
940 3413 1000 3468 toto
1028 3409 1132 3492 populo
1146 3409 1316 3470 ludaeorum
1335 3411 1409 3470 loris

813 3484 1007 3552 exspectante,
1022 3497 1070 3554 qui
1085 3485 1204 3564 propter
1218 3483 1326 3542 lesbum
1347 3499 1408 3540 non

812 3549 973 3610 introibant
987 3549 1015 3610 in
1029 3557 1210 3626 praetorium,
1221 3553 1407 3614 adduxerunt

812 3623 890 3682 foras
908 3625 1007 3682 Jesuni
1029 3621 1069 3680 sic
1083 3622 1212 3698 illosum,
1229 3629 1258 3683 et
1274 3628 1312 3684 ad
1327 3625 1404 3685 deri-

812 3692 926 3777 sionem
941 3700 970 3754 et
983 3695 1181 3756 contusionem
1195 3702 1328 3772 paratum
1345 3713 1405 3756 om·

811 3767 899 3825 nibus
926 3765 1191 3826 demonstrandum.
1219 3771 1320 3828 Eripit
1339 3787 1402 3840 erpo

812 3841 913 3896 iterum
924 3839 1044 3904 Pilatus,
1061 3839 1096 3896 de
1111 3839 1260 3912 praetorio,
1273 3841 1354 3910 toras
1364 3840 1401 3898 ad

810 3909 938 3980 ludaeos,
963 3915 990 3966 et
1016 3909 1094 3968 dicit
1114 3914 1154 3968 eis
1174 3929 1181 3969 :
1201 3914 1271 3970 Ecce
1291 3913 1399 3970 adduco

810 3983 888 4038 uobis
901 3997 963 4038 eum
974 3983 1064 4052 toros,
1078 3987 1231 4056 postquam
1243 3981 1399 4056 diligenter

811 4049 981 4122 examinavi,
997 4059 1026 4110 et
1044 4053 1153 4127 punivi,
1166 4051 1203 4111 ad
1218 4056 1297 4114 iobis
1313 4057 1397 4114 satis-

809 4123 992 4195 faciendum
1008 4131 1042 4182 ut
1062 4129 1232 4196 capnoscntis
1247 4129 1318 4200 qnia
1329 4129 1396 4184 nal·

810 4197 867 4254 lom
882 4197 913 4252 tn
928 4213 958 4254 eo
972 4213 1094 4262 musam,
1110 4197 1220 4256 scilicet
1232 4197 1346 4270 mortis,
1356 4201 1397 4256 iri·

807 4270 900 4333 uenio.
925 4265 992 4326 licet
1015 4267 1141 4328 amictus
1166 4273 1195 4328 at
1218 4269 1321 4328 illusus
1339 4271 1394 4340 sil;

808 4344 837 4398 el
850 4341 906 4398 boc
920 4339 957 4398 ad
978 4339 1152 4400 voluntatem
1168 4345 1295 4402 vestram
1309 4341 1393 4400 inno·

808 4413 885 4470 canti
908 4411 1007 4471 iecisse
1029 4409 1161 4471 sufficiat.
1187 4413 1219 4472 ln
1243 4429 1278 4473 eo
1296 4413 1395 4474 habitu
