2974 5040
210 477 254 530 tto
553 471 711 527 stedine
738 469 856 524 rtatls
882 469 986 526 citur
1013 471 1096 526 txtt

210 588 267 654 tur,
281 583 357 656 qnod
373 597 423 640 cor
436 579 521 638 debet
535 594 598 637 esse
611 579 791 662 pergratiam

211 661 239 712 et
252 655 404 729 puritatem
420 653 598 720 innovatum,
611 657 639 707 et
657 653 693 708 ali
712 667 790 733 omni

211 734 352 785 velustate
399 725 485 783 eccati
510 729 672 796 purgatum,
700 739 791 795 prius·

212 814 297 872 qnam
313 801 348 856 ait
367 741 475 869 &orpus
496 794 598 876 Christi
616 795 743 864 accedat,
761 794 790 850 in

232 887 268 927 uo
285 869 371 932 corde
386 868 472 926 etium
497 873 578 940 ponit
591 883 655 948 eum
673 866 788 937 quondo

208 887 244 998 ge
259 941 322 1014 ipso
334 939 441 1011 jugiter
462 943 578 1010 cogitet,
594 953 662 1009 quie
683 953 789 994 monn-

208 1019 336 1069 mentum
347 1011 461 1078 dicitur,
475 1009 557 1082 quasi
576 1025 695 1066 monens
711 1023 789 1064 men-

205 1079 787 1162 temesumpturusigiturEucharistiem,

203 1153 302 1214 videet
317 1160 348 1212 ut
362 1169 411 1211 cor
426 1170 509 1211 suum
527 1157 564 1208 sit
582 1167 661 1225 quasi
679 1167 787 1209 mouu-

204 1232 333 1282 mentum
356 1240 472 1295 novum,
491 1225 519 1281 in
540 1239 596 1296 quo
616 1225 739 1293 locetur,
757 1228 786 1280 et

203 1297 284 1370 quasi
309 1298 410 1354 hortus
434 1297 463 1354 in
482 1311 538 1369 qno
554 1296 731 1364 delectetur;
750 1311 786 1352 ne

201 1368 231 1424 in
247 1375 433 1426 monumento
453 1385 503 1426 suo
519 1367 592 1424 alins
612 1369 722 1440 positus
737 1365 784 1431 sit,

203 1442 246 1497 vel
267 1443 344 1497 circa
362 1443 416 1497 hoc
434 1440 591 1513 quidquem
612 1439 712 1496 inutile
738 1455 786 1494 uii-

204 1515 337 1580 creverit,
352 1513 426 1584 quod
445 1515 510 1580 erit,
529 1512 553 1568 si
568 1511 640 1567 liene
657 1527 707 1578 uer
728 1527 787 1580 pm-

206 1583 357 1640 nitentium
374 1584 542 1642 muudatum
558 1581 644 1638 luerit
658 1587 686 1638 et
706 1583 787 1637 inno·

206 1652 311 1722 valum,
327 1656 456 1726 alioquin
483 1671 540 1711 non
563 1654 680 1724 polerit,
698 1651 727 1708 in
753 1669 787 1709 eo

204 1725 289 1796 digne
307 1727 430 1797 sepelire
445 1726 599 1782 Christum.
614 1725 667 1780 Per
684 1739 786 1779 monu-

205 1801 332 1852 mentum
355 1806 451 1852 eutem
476 1795 630 1875 lapideum,
653 1793 682 1850 in
705 1801 787 1918 quoire

203 1865 337 1932 excisum,
350 1867 516 1930 designatur
525 1869 618 1922 cordis
633 1867 706 1922 statu
720 1873 785 1937 itas,

201 1937 270 2067 fluia
298 1938 382 1996 debet
408 1938 532 1995 inbono
556 1936 703 2010 priaposito
723 1953 786 1996 esse

223 2015 388 2080 rmum;·et
411 2009 478 2068 lidei
508 2009 647 2076 soliditas,
673 2012 700 2065 in
729 2025 787 2082 qua

200 2083 276 2154 apud
288 2082 441 2141 Ecclesiam
449 2083 577 2156 sepultus
585 2091 630 2138 est
642 2079 784 2146 Christus.

200 2153 255 2212 hoc
281 2161 325 2212 est
347 2155 418 2214 dites
443 2155 557 2225 Christi,
582 2169 671 2236 supra
699 2169 785 2225 quam

199 2233 311 2299 petram
337 2227 479 2286 aediliceta
498 2233 541 2284 est
568 2227 702 2282 Ecule-ia.
730 2226 785 2282 Sud

199 2313 252 2370 pro
272 2300 401 2356 custodie
424 2299 555 2356 omniurn
570 2298 784 2370 predictorum,

200 2368 288 2425 debet
310 2371 442 2426 adhiberi
466 2369 671 2432 longanimitas
688 2384 784 2439 perse·

201 2439 348 2508 veraniiae,
363 2447 392 2496 ut
407 2454 488 2496 mens
503 2441 613 2510 Curuus
624 2439 728 2496 Christi
743 2455 785 2496 re-

204 2508 323 2579 cipiens,
350 2509 379 2566 in
405 2508 547 2581 praedictis
573 2511 784 2568 conditionibus

204 2579 466 2637 intenilatllualiter
477 2595 679 2652 perseverare;
694 2585 784 2640 otlioe

205 2649 370 2720 designatur
395 2667 446 2722 per
472 2665 569 2708 surum
587 2657 660 2708 ostio
677 2667 783 2710 mouu-

205 2721 293 2777 menti
308 2722 483 2780 advolutum.
498 2723 547 2779 llle
558 2720 655 2791 etiaui,
671 2729 782 2796 sepulto

205 2791 318 2851 Christo
338 2793 368 2850 in
386 2794 472 2852 corde
494 2809 557 2862 siin,
582 2793 707 2850 advolvit
733 2813 783 2866 oro

203 2863 780 2938 clausuralipidemmagnumadostium,

201 2938 248 3008 qui
270 2953 299 2992 se
318 2938 424 2994 claudit
439 2955 474 2994 ne
489 2937 578 3020 possit
593 2937 702 3008 ingredi
719 2955 780 3010 pee-

202 3013 314 3078 calnm3
331 3017 359 3064 et
374 3013 455 3080 ponit
469 3009 590 3080 diligens
604 3009 781 3066 obstaculum

200 3085 300 3135 contra
312 3079 419 3150 uei-cati
429 3079 595 3150 recidivum,
605 3097 639 3137 ue
652 3083 783 3139 Christus

197 3165 261 3207 sum
286 3152 398 3210 «teniat
418 3161 448 3209 et
472 3151 625 3224 relinquat,
648 3153 739 3210 donec
764 3169 782 3211 e

196 3221 315 3280 mortali
332 3224 423 3298 ipsum
444 3241 591 3296 resurgere
613 3224 707 3282 iaciat.
726 3227 781 3282 Un-

196 3293 231 3350 de
246 3303 286 3351 att
297 3297 459 3353 Ambrosius
473 3316 481 3352 r
499 3315 512 3350 u
528 3295 578 3353 Cui
591 3295 781 3368 pulcherrime

202 3364 275 3438 lapis
297 3369 430 3424 admotus
445 3373 499 3436 cst,
515 3383 550 3422 ne
574 3377 701 3439 pateret3
719 3368 781 3438 qni·

200 3453 321 3510 cumque
332 3439 409 3494 enini
424 3438 454 3494 in
473 3454 503 3494 se
520 3439 681 3496 humaverit
697 3440 780 3496 Chri-

200 3514 286 3577 stum,
309 3509 463 3580 diligenter
486 3513 628 3566 cnstodiat
655 3527 692 3566 ne
716 3527 781 3568 enm

197 3581 309 3707 Eordoi,
326 3595 361 3635 ne
379 3577 507 3650 perfidiae
526 3578 562 3634 sit
587 3579 744 3650 ingressus.
764 3603 778 3634 u

222 3654 275 3707 nde
298 3655 326 3706 ct
344 3653 471 3708 Hilarius
492 3669 501 3706 i
520 3669 534 3704 u
555 3653 599 3720 Et,
621 3651 689 3723 quia
709 3653 779 3710 nihil

196 3727 301 3792 praeter
315 3738 378 3779 aum
395 3728 528 3796 oporteat
541 3721 571 3780 in
587 3729 705 3796 pectore
721 3741 779 3781 no-

195 3797 253 3848 stro
269 3800 430 3865 penetrare,
442 3795 514 3869 lepis
527 3794 599 3852 ostio
608 3796 777 3868 advolvitur,

196 3863 310 3944 utnuihil
327 3865 435 3940 absque
459 3883 493 3924 eo
519 3867 669 3926 inl'eratur.
686 3889 700 3920 u
722 3871 776 3925 llo·

195 3929 249 3991 luit
269 3942 364 3993 eutem
388 3940 515 3999 Christus
534 3939 561 3995 in
589 3947 776 3996 monumento

191 4005 776 4082 jusit,scillcettosupu,sepeliri,adosteu-

194 4077 317 4136 dendum
335 4081 412 4150 quod
429 4097 486 4136 non
505 4090 659 4152 requiescit
674 4083 733 4139 nisi
749 4087 777 4140 ln

191 4152 276 4207 corde
288 4151 368 4222 justi,
379 4153 494 4222 etquod
507 4169 561 4223 nou
575 4154 697 4224 amplius
713 4171 776 4226 pec·

191 4229 317 4280 eetiiruui
334 4223 479 4279 consortie
493 4224 617 4290 volebat,
632 4241 699 4294 quie
712 4243 776 4281 um·

192 4295 265 4422 sslins
284 4310 335 4368 pro
353 4293 423 4367 iniis
445 4311 503 4352 non
527 4293 685 4351 moriturus
700 4304 773 4354 eret.

850 575 988 636 enim-est
1001 577 1106 636 Christi
1122 581 1282 652 sepnltura,
1297 581 1404 652 qnilraii·

848 650 913 706 dem
945 649 1188 724 iniquitatemque
1215 669 1273 709 non
1298 653 1404 709 habehat.

846 723 944 780 iustus
967 731 1061 778 autem
1091 739 1200 796 corpus
1225 723 1325 780 Christi
1338 723 1406 796 operit

846 793 984 862 sindone;
1001 793 1083 864 vesti,
1099 801 1127 851 et
1145 809 1186 864 iii,
1199 797 1310 853 Domini
1321 796 1405 866 Corpus

845 863 938 936 gloria
953 881 1015 934 sna,
1025 872 1057 922 ut
1070 871 1099 922 et
1114 864 1177 938 ipse
1192 868 1405 940 sisjnstus.llcne

844 941 940 994 antem
957 937 986 992 in
1002 944 1191 994 monumento
1205 938 1335 996 conditur
1344 935 1406 1010 justi,

845 1015 878 1065 nt
888 1007 1007 1080 justitie
1026 1009 1205 1067 habitatione
1220 1009 1406 1083 requiesettzi

845 1081 907 1136 liaee
921 1081 1098 1138 Ambrosius.

881 1155 898 1207 6
916 1153 1067 1208 Snenncnni
1082 1154 1212 1210 [icarium
1233 1169 1322 1211 rom
1334 1170 1362 1209 m
1376 1167 1407 1207 si-

844 1239 904 1279 rns.
926 1253 958 1264 -
975 1225 1016 1280 [ie
1034 1230 1222 1282 monumento
1241 1227 1348 1282 Domini
1362 1225 1407 1280 lar-

845 1301 901 1356 tur,
917 1296 994 1366 qnod
1009 1295 1110 1354 domus
1126 1311 1176 1352 seu
1190 1299 1331 1366 spelunea
1344 1295 1407 1353 luerit

845 1367 978 1429 rotunda,
995 1367 1031 1422 de
1044 1369 1213 1440 subjacente
1229 1385 1303 1442 rupe
1318 1367 1408 1434 meist,

845 1437 999 1494 eratenim
1015 1437 1086 1508 lupis
1098 1455 1149 1496 sen
1166 1455 1259 1511 rupes
1274 1438 1377 1512 grandir
1389 1442 1408 1493 in

845 1509 940 1577 hurto,
952 1509 981 1564 in
990 1510 1069 1582 cujus
1084 1510 1174 1567 littero
1189 1518 1257 1568 erat
1269 1525 1410 1568 monumen·

845 1587 906 1636 tum
929 1595 1055 1638 excisum
1080 1597 1131 1637 scu
1154 1582 1307 1654 spelunca,
1323 1585 1408 1639 hahens

845 1659 909 1708 octo
935 1654 1024 1722 pedes
1046 1653 1251 1725 longitudinis,
1273 1662 1300 1712 et
1313 1655 1408 1711 totden

844 1721 1015 1792 latitudiuis,
1036 1730 1065 1780 et
1091 1731 1177 1782 tantae
1204 1726 1370 1791 altitudinis,
1388 1729 1409 1780 at

845 1796 930 1851 hoino
945 1793 1022 1850 intro
1037 1795 1206 1868 consistens,
1223 1807 1255 1854 et
1269 1799 1300 1855 in
1312 1798 1367 1870 ejus
1375 1811 1409 1868 pt·

845 1865 968 1922 cimento
983 1875 1079 1923 rectus
1090 1874 1181 1937 stans,
1198 1870 1247 1925 vix
1263 1875 1352 1940 nosset
1365 1881 1408 1923 mi·

844 1953 883 1994 nii
896 1945 1014 1994 extensa
1032 1939 1144 1996 culmen
1164 1940 1327 2013 attingere;
1342 1939 1409 1996 intre

842 2007 914 2064 itum
929 2011 1059 2081 patulum
1080 2013 1188 2068 hahens
1209 2017 1248 2068 ad
1273 2014 1408 2073 Orientem,

842 2081 887 2136 cui
903 2080 974 2153 lauis
991 2082 1039 2138 ille
1064 2097 1186 2156 magnus
1211 2085 1363 2141 advolutus
1381 2087 1408 2136 at·

841 2167 897 2222 qne
911 2153 1057 2224 appositus
1073 2161 1137 2210 erat
1154 2167 1207 2226 pro
1225 2155 1312 2213 ostio.
1329 2157 1356 2212 ln
1373 2168 1407 2209 eii-

837 2225 885 2295 jns
901 2224 1079 2281 monumenti
1102 2229 1183 2298 parte
1203 2226 1362 2298 aquilonari
1375 2239 1408 2280 si·

839 2295 990 2368 pulchrum
1006 2295 1131 2366 Domini,
1148 2299 1201 2353 huc
1216 2305 1262 2354 est
1277 2299 1355 2356 locus
1367 2297 1409 2352 llo·

841 2365 936 2422 minici
949 2367 1092 2439 corporis,
1109 2369 1145 2425 de
1161 2368 1268 2427 eedem
1285 2377 1359 2442 petra
1378 2372 1408 2424 eit

840 2441 962 2506 excisus,
991 2449 1099 2508 septem
1128 2439 1215 2512 pedes
1247 2449 1278 2499 et
1305 2439 1408 2498 median

839 2509 951 2566 habens
965 2509 1162 2582 longitudinis,
1177 2519 1205 2568 et
1222 2528 1242 2569 e
1262 2519 1355 2570 cetero
1366 2525 1408 2584 pt·

839 2579 967 2638 vimento
981 2581 1067 2638 altius
1081 2583 1227 2652 eminens3
1247 2590 1307 2642 tres
1320 2583 1408 2656 palmos

839 2657 867 2708 et
882 2651 1008 2708 medium
1030 2655 1139 2712 hahens
1158 2654 1335 2722 altitudinis,
1348 2655 1407 2726 ujus·

838 2724 961 2796 deinque
980 2723 1106 2783 existens
1118 2727 1284 2786 latitudinis
1297 2727 1408 2802 cujuset

839 2794 1007 2852 altitudinis.
1028 2796 1081 2864 Qui
1105 2797 1241 2855 videlicet
1267 2801 1344 2857 locus
1364 2811 1406 2853 non

838 2866 973 2938 desuper,
989 2870 1040 2924 scd
1056 2887 1070 2923 a
1088 2868 1178 2926 latere
1198 2871 1357 2928 meridiano
1369 2881 1407 2940 pet

839 2945 931 2994 totum
944 2943 988 2995 est
1000 2940 1125 3011 patulus.
1143 2941 1222 2998 Unde
1238 2943 1307 3000 inde
1324 2941 1407 2999 iniere

838 3008 921 3065 batur
946 3027 1057 3082 corpus,
1077 3021 1108 3068 ut
1130 3019 1206 3069 esset
1223 3015 1309 3084 quast
1329 3025 1406 3070 siioo

837 3083 948 3162 phagns
970 3082 1168 3154 superpositus
1191 3085 1406 3143 tundamentoet

838 3161 992 3209 inetinatus
1005 3153 1183 3226 superlalns,
1194 3167 1357 3228 aperturam
1370 3157 1407 3210 ha·

837 3223 910 3279 liene
924 3239 941 3279 a
958 3223 1094 3293 letei·e,et
1109 3243 1164 3284 non
1179 3243 1326 3300 superius.
1339 3229 1407 3303 Color¹

837 3303 932 3350 autem
948 3297 1076 3367 eiusdem
1093 3302 1270 3357 monumenti
1289 3317 1322 3358 ac
1338 3295 1405 3356 loculi

838 3369 996 3446 rulliiuundo
1015 3383 1043 3424 ei
1059 3371 1123 3426 albo
1152 3371 1257 3429 dicitur
1272 3389 1335 3430 esee
1350 3384 1405 3444 per·

837 3444 949 3494 mixtus.
968 3441 1184 3498 Monumentum
1200 3443 1290 3514 igitur
1305 3447 1404 3504 l'actuni,

837 3515 899 3565 erat
919 3509 956 3565 ad
980 3512 1097 3568 modum
1121 3515 1269 3585 cujusdam
1294 3517 1405 3573 domnii·

836 3579 1404 3658 culmine-equoderatsepulchrnmChri·

835 3651 870 3708 sti
878 3651 1011 3724 positum.
1021 3655 1066 3711 Sic
1077 3654 1153 3711 enirn
1165 3661 1318 3728 sepulchra
1326 3657 1404 3715 lude

835 3738 927 3791 orum,
940 3725 1108 3796 antiquitus,
1121 3735 1150 3783 et
1166 3729 1288 3786 maxime
1304 3739 1403 3799 magna·

834 3810 898 3850 rum
907 3809 1095 3867 personarum
1106 3799 1319 3869 eolehautlieri,
1330 3807 1403 3856 uteo·

833 3867 1402 3947 rumliliipossentihietiemsepeliridrq

835 3947 897 4008 oter
916 3940 969 3995 hoc
984 3939 1089 3996 dicitur
1108 3944 1274 4014 l'requenter
1294 3949 1326 4001 de
1343 3953 1401 4011 rett-

833 4011 886 4066 hus
900 4011 973 4067 ludu
988 4028 995 4067 ι
1011 4014 1143 4082 sepultus
1163 4021 1202 4070 est
1226 4018 1257 4072 in
1271 4015 1402 4088 aepulcuo

832 4084 933 4148 Dauid,
951 4089 1003 4140 etc.
1020 4085 1068 4138 list
1092 4091 1189 4141 antem
1209 4085 1249 4142 ibi
1264 4085 1293 4143 in
1313 4094 1399 4142 enitent

831 4151 903 4222 loco,
923 4155 959 4209 oli
986 4155 1177 4212 reverentiam
1205 4156 1343 4214 Doiuiuici
1367 4167 1401 4209 se·

831 4225 952 4294 pulclui,
969 4227 1071 4281 artitlci
1085 4243 1123 4282 so
1139 4243 1238 4299 opere,
1254 4232 1342 4286 torma
1355 4241 1400 4282 ru·

830 4298 919 4352 lunda
935 4313 990 4353 uiio
1004 4304 1115 4354 tuntum
1130 4301 1271 4358 lor-umine
1281 4309 1398 4372 superius

218 4369 271 4424 ude
296 4370 488 4425 honorosius:
508 4387 523 4420 u
543 4369 660 4439 lllystice
677 4375 773 4424 autem
828 4376 938 4438 aperto,
954 4369 1110 4425 Dominicie
1125 4371 1398 4430 Resurrectlunisec·

191 4437 284 4508 jnstus
309 4439 413 4500 Christi
440 4455 542 4514 corpus
563 4439 682 4512 sepelit3
709 4440 774 4497 telis
828 4439 911 4494 cleiis
929 4443 1052 4496 maxima
1067 4448 1241 4516 constructa,
1255 4449 1397 4500 continens
