3036 5042
162 374 191 427 it
513 373 670 426 siclinii
699 372 822 426 lintis
850 371 955 426 clitis
983 371 1042 424 lxi

161 483 237 552 iesu,
259 484 310 556 qui
328 481 484 538 Judaoman
503 482 632 536 manibus
649 483 750 548 facum

163 559 239 611 tuam
250 556 481 628 speciosissimam
494 553 563 609 cadi
574 555 700 618 otiiuisti,
713 553 751 608 da

162 628 233 682 miii
247 629 380 696 imapiais
395 633 447 682 tuse
459 627 561 694 faciem
575 628 604 680 ia
620 642 662 680 me
679 641 750 680 sem·

162 715 212 770 per
232 699 373 756 ittiiatam
393 700 563 768 illaesamque
582 713 751 768 consonare,

161 785 195 826 ae
208 770 317 842 quondo
334 771 517 840 iniquitatum
531 785 654 825 mearum
668 770 750 825 saete-

160 845 233 897 ratis
246 841 375 896 manibus
389 843 518 898 violetur.

202 917 232 968 15
249 915 439 968 Paorssraum
460 930 609 980 uxrrrrrm,
626 929 751 974 ounruon

162 999 322 1040 nocnuaum
341 1001 373 1038 rx
396 1002 440 1056 ar,
461 1002 544 1042 serus
565 1001 750 1041 consonuim-

162 1071 224 1110 oms
245 1072 277 1110 rer
294 1071 403 1116 onorio.
421 1087 450 1098 -
467 1060 504 1114 Et
518 1059 643 1112 ministri
656 1057 750 1126 alapis

163 1141 224 1182 eum
251 1128 400 1196 cadebant,
425 1130 479 1185 hoc
503 1134 547 1184 est
570 1131 598 1183 in
622 1128 751 1185 maxillas

163 1212 228 1254 eum
256 1199 462 1270 percutiebant.
493 1201 530 1256 ile
556 1215 613 1272 quo
642 1200 750 1271 poteris

163 1268 306 1352 meditari,
330 1269 401 1327 sicut
421 1271 528 1328 dictum
548 1276 592 1327 est
609 1287 696 1342 supra
714 1272 750 1330 de

163 1340 352 1412 alapizatioue
378 1358 474 1399 coram
499 1346 584 1399 huna
612 1343 749 1401 Pontihce

162 1412 247 1470 iacta.
263 1415 300 1470 Et
315 1414 506 1482 percutientes
520 1431 586 1470 eum
602 1414 631 1471 iu
645 1415 748 1488 capite,

161 1486 371 1554 inimopahaat
385 1502 456 1556 cum,
470 1486 590 1543 dicentes
603 1507 612 1542 e
627 1490 749 1560 Prophe-

163 1558 220 1611 tiza
233 1559 322 1624 nobb,
337 1558 453 1626 citasse,
464 1561 528 1628 qais
540 1563 580 1613 est
593 1562 642 1628 qui
656 1565 681 1614 te
690 1576 750 1630 per·

165 1631 270 1684 cussit?
289 1627 344 1685 Sed
361 1627 391 1683 iu
408 1643 532 1700 quanam
550 1637 629 1700 parte
652 1630 751 1702 capitis

162 1698 357 1769 percusserint
376 1714 452 1769 eum,
475 1709 543 1756 turre
561 1701 677 1772 quando
698 1705 750 1758 hoc

164 1766 307 1850 dicebaut,
325 1771 360 1826 de
381 1770 435 1827 hoc
455 1773 641 1844 Erangciistae
657 1773 750 1830 divor-

163 1839 273 1898 srmode
291 1841 463 1914 loquuntur;
481 1845 556 1900 uude
573 1851 666 1916 potest
682 1845 749 1914 dici,

163 1911 239 1993 quod
254 1929 316 1970 cum
329 1914 471 1971 velasscnt
484 1914 585 1972 taciem
600 1917 673 1988 eius,
686 1917 749 1989 qui-

162 1983 231 2066 libet
242 2001 339 2042 eorum
351 1987 489 2060 percussit
501 2003 567 2045 cum
581 1988 626 2046 uhi
641 1989 730 2046 voluit
742 2006 749 2045 ι

164 2054 250 2138 aliqui
267 2056 296 2114 iu
310 2058 393 2118 callo.
411 2059 459 2116 alii
477 2059 505 2116 in
524 2060 635 2130 taciem,
655 2060 702 2117 alii
721 2059 750 2134 ip

164 2129 300 2186 marilias.
317 2133 353 2187 lit
367 2130 408 2188 sic
423 2132 615 2204 percutientes
633 2137 750 2190 interro·

162 2201 268 2270 patant
282 2218 353 2271 eam,
368 2204 488 2260 dicentes
502 2224 511 2259 ε
526 2206 693 2274 Propheiiza
704 2220 750 2261 no·

165 2272 216 2336 his.
233 2273 349 2340 Christe,
363 2276 426 2344 quis
441 2283 480 2331 est
494 2278 544 2346 qai
557 2282 584 2332 te
597 2277 750 2348 percussit?

163 2342 198 2398 Et
221 2343 275 2398 hoc
299 2343 436 2424 derisorie
460 2346 604 2412 dicebant,
620 2347 701 2418 quasi
720 2346 750 2402 in

164 2416 365 2470 contumellam
382 2417 453 2486 ejus.
471 2417 518 2487 qui
533 2433 563 2473 se
579 2419 749 2490 Prophetam

164 2484 300 2556 apopuio
316 2485 414 2543 baberi
430 2487 551 2557 uolebat,
566 2493 593 2545 ei
606 2505 689 2561 quem
704 2505 750 2558 po·

163 2555 392 2628 puiusmaguum
402 2559 748 2633 Prophetamreputabat;

163 2641 216 2698 per
229 2627 283 2683 hoc
298 2627 375 2686 enim
395 2630 584 2701 designabant
598 2636 673 2714 quod
692 2634 749 2690 iai-

164 2713 213 2780 sus
229 2699 370 2770 Propheta
383 2707 458 2758 esset
471 2711 499 2758 et
535 2703 589 2760 uod
606 2709 751 2778 ignoraret

164 2783 228 2839 qurs
237 2785 302 2852 euin
316 2779 511 2843 percussisset.
550 2775 604 2832 ude
619 2778 750 2847 Tireophi·

164 2841 749 2917 tusdrcrt‚quodDominusProphetarum.

163 2915 194 2968 ut
209 2913 455 2996 pseudopropheta
468 2916 621 2975 deluditur.
638 2922 670 2976 ut
683 2935 752 2989 arro-

165 2999 242 3040 mam
259 3000 312 3056 rpsr
327 3003 389 3043 curn
406 2987 461 3044 illis
473 2990 567 3047 rachis
583 2990 750 3058 irridebant,

164 3061 193 3139 ct
212 3057 295 3139 aussi
316 3058 469 3117 ludibrium
489 3061 524 3118 de
544 3079 577 3118 eo
597 3062 749 3124 iaciebant.

164 3127 319 3210 idcircoeis
330 3131 399 3188 nihil
413 3133 614 3206 respondebat.
627 3137 662 3192 Ut
674 3134 750 3190 tanim

164 3199 233 3256 dtcrt
250 3204 443 3274 Hieronymus,
465 3205 582 3263 stultum
602 3211 663 3263 erat
681 3223 751 3263 ver-

163 3271 330 3331 berauiibus
344 3277 527 3349 respondere,
539 3289 567 3334 et
579 3279 751 3350 prophetare

164 3345 333 3426 cadentem,
356 3363 420 3403 cum
447 3347 539 3419 palam
565 3347 751 3421 percutientis

164 3429 276 3494 russina
290 3417 442 3474 videretur.
458 3419 494 3474 Ex
510 3420 563 3475 hoc
577 3420 698 3476 articulo
708 3420 751 3476 lu-

164 3483 296 3542 dibriosae
306 3487 488 3559 expolitionis
500 3492 688 3562 prophetandi
702 3494 751 3547 lra-

163 3553 616 3629 beuturquatuordocumenta-
628 3561 752 3619 Primum

164 3631 218 3695 est,
231 3629 308 3698 quod
323 3646 379 3688 non
394 3631 545 3689 iiimiamus
562 3633 684 3704 Christo,
700 3649 751 3706 pu·

164 3703 259 3756 tantas
275 3702 350 3758 mala
365 3709 461 3761 nostra
477 3721 532 3761 non
548 3705 638 3762 rideri
654 3707 690 3762 ab
705 3722 750 3763 co.

163 3771 244 3837 Nam,
270 3775 425 3854 secundum
445 3777 561 3846 dedam,
581 3777 752 3849 quicumque

163 3843 293 3924 reprobis
302 3845 410 3902 actibus
418 3863 482 3904 eum
494 3850 675 3916 exacerbant,
684 3849 751 3904 dnm

162 3919 349 3996 cogitationes
366 3926 394 3973 ct
410 3934 497 3990 opera
513 3921 696 3977 tenebrarum
715 3921 751 3978 ab

163 3997 198 4040 eo
208 3986 298 4042 rideri
310 4003 365 4044 non
375 3995 482 4058 putant.
495 3991 750 4061 quasiiliudentes

163 4055 261 4113 dicunt
277 4075 284 4114 :
301 4059 368 4126 Quis
383 4067 422 4117 est
437 4065 487 4132 qui
504 4068 531 4117 tc
546 4065 703 4134 percussit?
717 4093 751 4103 -

164 4129 325 4212 Secuudpm
352 4137 406 4192 cst.
435 4133 511 4204 quod
539 4133 751 4191 consideremus

164 4209 364 4272 nosmetipsos,
381 4203 405 4260 si
421 4219 553 4275 umquam
571 4219 656 4260 urrann
670 4205 749 4276 pravi

163 4271 258 4354 operis
270 4275 413 4333 Christum
423 4275 647 4350 percusserimus
652 4294 660 4344 ;
673 4276 749 4348 quod

160 4358 184 4400 sr
208 4345 361 4414 nescimus,
380 4353 573 4421 exspectamus
589 4346 636 4422 pla
655 4347 712 4405 ilde
731 4363 748 4406 a

806 477 918 536 Christo
942 477 1017 551 quod
1040 476 1132 536 iudaei
1153 477 1279 535 irrisorie
1300 478 1344 535 ab
1364 493 1404 534 eo

806 555 970 622 exegerunt,
985 556 1016 607 ut
1030 549 1206 622 prophetizet
1222 549 1317 608 nobis.
1339 550 1403 607 do-

807 625 896 680 cendo
909 639 961 680 nos
974 637 1145 694 cognoscere
1156 622 1252 693 cuipas
1265 627 1401 678 nostrus.

810 693 981 751 -Tertium
996 699 1049 758 est.
1065 693 1143 766 quod
1157 709 1210 751 uos
1226 709 1330 750 carere
1349 696 1405 751 de-

807 767 916 834 bemus,
934 781 968 822 ne
983 781 1000 823 a
1014 767 1125 826 Christo
1142 765 1336 836 prophetiam,
1355 766 1405 822 rei

808 837 977 895 miraculum
991 837 1127 894 tentative
1142 844 1316 908 expetamus.
1339 838 1405 894 Uu-

807 910 842 966 dc
854 909 894 967 ait
904 912 1077 980 Auentinus
1092 927 1101 964 e
1117 929 1130 960 a
1148 907 1264 976 Quantis
1279 923 1404 964 mecum

807 983 1020 1054 suggestionum
1047 979 1304 1036 machinationibus
1337 980 1405 1052 agit

806 1053 954 1122 immh·us,-
966 1059 996 1109 ut
1015 1051 1127 1124 siguum
1144 1051 1257 1124 aliquod
1277 1055 1405 1122 petam?

807 1126 862 1182 Sed
877 1125 994 1182 obsecro
1010 1130 1049 1192 te,
1066 1125 1194 1192 Domine,
1208 1129 1237 1179 ut
1252 1125 1404 1194 quemad·

807 1199 922 1254 modum
935 1211 952 1252 a
963 1211 1008 1252 me
1019 1196 1152 1267 longeest
1164 1194 1218 1251 ista
1229 1195 1403 1262 consensio,

807 1268 846 1325 ita
870 1268 907 1325 sit
928 1283 1041 1350 semper
1062 1267 1258 1338 longamque
1279 1265 1405 1338 longius

806 1339 868 1413 ipsa
878 1339 1023 1413 cogitatio.
1034 1361 1048 1390 a
1060 1371 1095 1382 -
1104 1341 1240 1406 Quartum
1249 1343 1303 1404 est,
1313 1339 1404 1410 quod

806 1411 931 1484 indiguis
944 1427 1002 1468 non
1015 1418 1057 1467 est
1070 1410 1269 1467 ciluudendum
1285 1408 1404 1468 donum

807 1484 872 1552 llei3
890 1483 965 1540 uude
984 1481 1049 1539 iicet
1071 1481 1199 1540 Christus
1217 1486 1292 1537 esset
1310 1497 1405 1539 verns

808 1556 960 1627 Propheta,
976 1553 1067 1611 uoluit
1087 1559 1183 1610 tamen
1198 1553 1406 1625 prophetizare

806 1625 970 1684 irrisoribus
993 1625 1061 1690 suis,
1084 1624 1124 1681 sic
1144 1632 1173 1682 et
1193 1631 1322 1681 doctores
1346 1641 1404 1696 pro

808 1705 936 1771 tempore
954 1703 983 1754 et
1004 1698 1066 1753 loco
1087 1697 1193 1754 debent
1208 1695 1326 1752 verbum
1348 1697 1403 1754 Dei

808 1766 1405 1840 subtrahereauditoribnsindignis.-Ad

807 1843 1044 1899 coniormaudum
1058 1856 1089 1896 se
1106 1839 1172 1895 huic
1192 1841 1323 1908 articulo,
1346 1856 1405 1896 re-

807 1913 912 1988 cogitet
935 1913 1019 1968 homa
1034 1918 1170 1984 quantam
1188 1908 1353 1967 irrisionem
1374 1919 1404 1968 ct

807 1984 1024 2042 iniatuatiouem
1039 1983 1175 2040 Dominus
1187 1991 1285 2038 noster
1296 1981 1325 2038 iu
1342 1983 1402 2038 hoc

807 2057 881 2113 iacto
900 2061 944 2113 est
966 2071 1075 2126 passus,
1090 2061 1119 2111 ei
1140 2054 1282 2125 quomodo
1303 2054 1400 2111 iudaei

807 2129 905 2186 iudum
928 2126 1009 2199 quasi
1033 2141 1186 2197 puerorum
1208 2125 1336 2182 iecerunt
1362 2130 1399 2183 de

807 2217 855 2266 eo;
871 2207 900 2257 et
914 2205 986 2268 oret,
1000 2197 1121 2255 dicendo
1137 2215 1145 2254 t
1160 2201 1235 2266 iesu,
1252 2199 1303 2268 qui
1317 2198 1398 2254 tudi-

808 2273 877 2328 hriis
897 2272 1052 2328 iudaicam
1069 2285 1215 2342 percussas
1237 2272 1269 2324 in
1291 2271 1396 2340 capite,

805 2345 998 2416 prophetizare
1011 2349 1125 2402 coactns
1137 2343 1230 2409 fuisti,
1243 2343 1398 2412 propheti-

807 2433 841 2471 za
856 2422 886 2472 ta
897 2417 977 2484 mihi,
993 2415 1111 2482 oisemo,
1124 2415 1240 2480 Christe,
1253 2417 1285 2468 ut
1299 2427 1396 2480 capno·

806 2505 882 2544 seam
902 2489 966 2558 qais
984 2492 1010 2543 et
1032 2490 1125 2557 quatis
1149 2501 1197 2554 cao
1219 2487 1303 2539 miser
1321 2499 1395 2554 sum,

807 2563 857 2630 qai
869 2563 948 2616 toties
959 2574 1042 2614 maan
1053 2560 1137 2630 pram=
1150 2558 1250 2629 operis,
1261 2557 1333 2626 proh
1347 2555 1395 2612 do·

807 2633 867 2688 ior!
882 2637 908 2687 te
921 2632 1055 2702 percussi.

845 2702 876 2759 16
894 2704 1046 2758 Menrrsrro
1066 2717 1151 2757 sassa
1166 2716 1293 2756 tuoruum
1306 2701 1395 2758 Cam-

806 2789 856 2830 sm.
872 2776 1038 2846 -insuper
1052 2777 1131 2846 potes
1145 2771 1231 2828 etiam
1251 2771 1395 2840 meditari,

807 2845 882 2917 quod
899 2863 906 2901 z
921 2845 967 2901 atri
980 2861 1063 2901 manu
1073 2859 1187 2900 reversa
1198 2841 1394 2900 dulcissimum

806 2927 835 2974 et
856 2916 1022 2973 meiliiluum
1048 2931 1080 2972 os
1098 2915 1162 2986 ejus
1183 2913 1393 2986 percutiebant,

807 2988 853 3044 alii
864 2988 965 3061 pugnis
975 3003 1039 3045 eum
1050 2987 1208 3050 caedebant.
1219 2985 1268 3042 alii
1279 2986 1395 3042 sanctis-

806 3061 906 3116 simam
929 3061 1048 3116 barbam
1072 3061 1133 3128 ejus
1154 3057 1325 3126 evellebant,
1345 3057 1393 3114 alii
1491 3081 1492 3102 i

809 3147 859 3203 per
879 3147 946 3188 suos
969 3129 1146 3188 uenerabiles
1164 3127 1282 3200 capillos
1299 3128 1392 3199 ipsum

808 3205 970 3271 trahebant,
986 3207 1015 3259 ct
1028 3201 1121 3258 viliter
1135 3203 1209 3256 inter
1223 3203 1310 3272 pedes
1324 3216 1393 3256 con-

809 3275 967 3342 cnicahant,
983 3290 1016 3330 ac
1036 3275 1097 3330 siue
1113 3271 1274 3328 reverentia
1291 3279 1320 3328 et
1334 3271 1394 3344 pie-

808 3345 972 3418 tatealiqua
982 3344 1134 3402 Dominum
1147 3342 1321 3414 Angelorum
1335 3359 1395 3400 ma·

809 3418 835 3475 le
845 3423 1015 3474 tractabant.
1025 3413 1318 3472 Etnihilomiausatia
1326 3417 1395 3470 mul·

809 3495 838 3546 ta
855 3491 1073 3560 blasphemantes
1092 3487 1219 3542 dicebant
1233 3490 1264 3542 ia
1280 3503 1353 3554 acm,
1369 3491 1395 3542 et

808 3561 960 3618 iaciebant.
980 3561 1047 3617 Cum
1067 3557 1143 3615 enim
1162 3557 1352 3614 crudelissimi
1367 3563 1396 3613 et

809 3635 870 3689 sine
887 3631 1083 3688 misericordia
1096 3633 1204 3698 essent,
1222 3633 1319 3686 omnia
1335 3645 1395 3686 ma-

808 3705 836 3760 la
852 3713 881 3760 et
895 3701 1045 3776 vituperia,
1062 3717 1126 3773 quse
1145 3705 1288 3772 poteraut,
1304 3699 1330 3758 ei
1348 3703 1395 3757 ia-

808 3775 921 3832 ciebant
936 3791 942 3830 :
960 3773 1009 3832 alii
1030 3789 1064 3830 ex
1084 3787 1137 3830 sua
1157 3772 1232 3829 mala
1250 3773 1394 3830 voluntate

808 3847 844 3904 ad
859 3847 1006 3914 haemmi,
1022 3847 1070 3902 alii
1088 3850 1119 3900 ut
1138 3843 1282 3915 placerent
1302 3844 1395 3916 majo·

808 3917 898 3987 ribus,
922 3916 969 3990 qni
991 3925 1074 3974 erant
1092 3914 1300 3973 immanissimi.
1323 3913 1395 3984 Quid

808 3997 916 4062 ergotu
931 3991 1039 4046 laceres
1050 3986 1074 4044 si
1089 3987 1150 4044 haec
1164 3985 1300 4043 videres?
1310 3987 1395 4044 Num·

806 4061 875 4190 guid
895 4077 952 4117 nan
969 4067 996 4117 te
1017 4058 1172 4132 projiceres
1191 4073 1277 4129 super
1299 4057 1394 4131 ipsum

831 4132 968 4198 ominum,
982 4131 1080 4188 dicens
1094 4147 1101 4186 z
1116 4129 1289 4201 deliniam,
1304 4129 1393 4186 nolite

806 4203 899 4260 iacere
916 4210 1025 4260 tantum
1046 4202 1152 4259 malum
1170 4200 1290 4258 Donrino
1310 4217 1391 4268 meo;
1491 4195 1492 4248 ἒ

805 4291 871 4333 ecce
892 4291 948 4344 me,
968 4275 1051 4332 tacite
1068 4271 1149 4344 mibi,
1171 4288 1237 4328 ecce
1253 4271 1393 4346 percutite

804 4363 861 4418 me,
881 4354 911 4405 et
933 4345 1054 4426 Domino
1074 4361 1138 4403 meo
1159 4349 1254 4402 tantas
1274 4341 1393 4417 iujtsrias
1491 4343 1492 4398 l
