3104 5034
272 406 313 460 DE
340 405 471 460 sculrr.
500 405 674 472 illudat,
705 410 741 462 ΑΕ
769 409 862 463 Fllllil
891 409 968 462 Fllll.
998 407 1035 461 ill
1063 407 1257 462 ulltllllu.
1347 406 1393 462 ’268

160 515 219 570 tem
234 527 327 583 snam,
338 513 393 570 boc
405 517 500 572 antem
514 518 576 572 est:
590 514 747 588 redemptio
804 531 860 584 sus,
885 517 944 571 Rex
967 517 996 570 et
1021 513 1158 571 Dominus
1174 512 1313 584 omnium,
1330 515 1390 572 Sal-

158 583 188 641 in
204 586 311 654 anima,
327 601 392 658 quae
407 587 546 715 completa
565 592 608 643 est
624 603 675 658 per
689 589 746 644 l'ra-
802 592 884 644 vator
896 585 1242 668 hominumetliliusbei.
1259 585 1392 644 Dividun-

159 661 268 714 cinnam
286 657 401 726 interni,
418 657 446 714 in
481 675 599 715 escensu
619 659 654 714 ad
675 660 718 714 inl
736 690 747 700 -
802 663 849 715 tnr
864 675 931 730 ergo
945 662 1020 714 mter
1035 673 1065 713 se
1079 657 1144 715 libri
1162 664 1284 728 quatuor
1298 660 1390 716 Eran-

158 744 222 799 ros3
245 733 275 785 et
297 729 454 800 redemptio
482 732 509 786 in
537 745 667 801 corpore,
684 747 747 801 quae
803 731 980 801 gelistarum,
1004 731 1071 798 onia
1095 730 1243 786 llattbaeus
1265 728 1390 788 intendit

158 801 302 872 completa
328 809 372 856 est
394 801 425 856 in
451 801 680 872 Resurrectione,
698 819 749 872 per
802 801 1388 929 principaliterdeclarareillumhominem

157 871 279 942 gloriam
295 873 483 943 corporissni.
501 905 528 914 -·
546 875 657 941 Sextus,
672 890 749 930 eum·
815 877 891 930 uisse
905 872 1060 943 Christum,
1074 879 1103 929 et
1122 874 1185 930 ideo
1208 875 1235 927 in
1250 873 1389 946 principio

159 946 223 999 dem
247 944 407 1000 ascendisse
432 945 467 1000 ad
488 945 581 1001 Patris
600 945 747 1016 aequalita-
804 947 902 1002 dicens
917 969 923 1003 :
938 945 1019 1002 Liber
1033 947 1216 1014 generationis
1234 947 1298 1000 lesu
1314 947 1391 1003 Chri·

158 1017 226 1083 tem,
248 1015 295 1087 qui
321 1020 437 1072 notatur
454 1015 494 1074 ibi
521 1033 528 1072 :
552 1018 687 1072 Ascendit
711 1018 749 1072 od
803 1020 850 1082 sti,
872 1034 928 1074 non
949 1015 1088 1088 expressit
1105 1015 1168 1072 Filii
1188 1015 1249 1086 Dei,
1269 1016 1320 1073 sed
1336 1018 1391 1087 filii

159 1087 248 1155 eoelos,
269 1085 376 1142 scilicet
399 1086 429 1143 in
454 1093 591 1160 quantum
615 1089 701 1144 homo
721 1093 749 1144 et
802 1091 904 1157 David,
918 1089 1136 1160 filiiAbralicm,
1150 1093 1282 1156 ete...‚et
1296 1085 1326 1145 in
1344 1104 1389 1145 se·

157 1157 313 1214 secundum
330 1158 549 1230 humanitatem,
564 1159 630 1232 quia
643 1159 748 1231 ubique
804 1163 956 1232 quentibus
982 1159 1100 1218 subdit:
1117 1161 1261 1218 Generatio
1284 1159 1391 1217 Christi

157 1231 200 1284 est
219 1231 376 1286 secundum
396 1229 587 1296 divinitatem
608 1233 689 1289 Sedet
711 1233 750 1288 nd
803 1235 921 1290 ciceret.
933 1232 1003 1288 lline
1015 1230 1390 1304 est,qn0dtigurabominis

156 1299 299 1357 &aleam
328 1305 378 1358 liei
409 1305 503 1359 Patris
530 1307 745 1372 omnipotentis,
802 1303 878 1360 inter
903 1311 1024 1376 quatuor
1039 1303 1174 1361 animalia
1193 1302 1389 1366 Evangelisias

156 1385 336 1444 conregnans
357 1373 433 1430 Patri
457 1374 486 1430 in
506 1373 679 1446 aequalitate,
695 1391 746 1431 se·
801 1377 1045 1448 representantia,
1065 1376 1195 1445 designat
1213 1375 1387 1438 ltlattbaeum,

155 1445 280 1500 cundum
300 1444 445 1517 deitatem,
467 1451 495 1502 et
519 1449 615 1502 truens
631 1447 744 1518 potissi·

154 1517 208 1572 mis
227 1516 310 1573 bonis
325 1517 426 1586 Patris,
442 1519 596 1575 secundum
609 1518 742 1575 humani·

153 1588 259 1660 iatem;
287 1589 401 1659 pacifice
425 1589 574 1661 gloriatur,
596 1595 625 1646 et
646 1589 743 1647 omnia

153 1659 250 1730 quiete
264 1675 326 1717 cum
344 1663 427 1718 Patre
439 1661 548 1733 judicat
562 1667 589 1718 el
605 1661 740 1732 disponit.

153 1758 188 1772 -
204 1731 355 1804 Septimus,
372 1732 472 1790 Filium
485 1732 533 1789 liei
543 1733 740 1805 judicaturum

152 1802 244 1860 bonos
257 1809 284 1859 et
296 1805 395 1872 malos,
411 1803 459 1876 qui
473 1809 590 1862 notatur
603 1805 643 1862 ibi
657 1807 741 1862 :lade

151 1879 282 1932 venturus
294 1877 469 1946 eetjudieore
481 1880 558 1933 vinos
569 1883 595 1933 et
608 1882 738 1934 mortuos.

149 1947 227 2016 inde,
240 1945 270 2002 id
286 1955 328 2004 est
347 1949 540 2020 postmodum;
554 1949 599 2005 vol
619 1951 693 2018 inde,
712 1951 739 2006 id

151 2023 195 2076 est
209 2017 245 2074 de
260 2018 349 2088 coelis,
371 2036 443 2091 quos
461 2020 591 2077 ascendit
605 2027 740 2078 venturus

151 2089 182 2146 in
197 2089 243 2147 dle
261 2090 361 2162 judicii
373 2092 503 2162 judicare
523 2092 602 2149 viros
619 2097 647 2148 et
662 2109 738 2148 mor-

151 2166 230 2230 tu0s3
246 2163 282 2218 ad
305 2163 439 2232 litteram,
456 2165 521 2248 quia
546 2167 613 2222 tunc
639 2163 739 2221 viriet

151 2233 255 2290 mortui
269 2234 451 2306 reperiuntur
461 2235 626 2307 judicandi3
642 2235 683 2291 illi
696 2240 737 2292 la-

150 2321 217 2362 men
243 2304 300 2361 vivi
323 2305 494 2378 morientur,
513 2309 561 2363 sed
586 2307 682 2364 statim
709 2306 737 2364 in

151 2381 295 2434 momento
322 2385 483 2450 resurgent,
508 2379 645 2450 judicium
673 2379 737 2437 culn

149 2447 325 2508 resuscitatis
339 2449 491 2521 recepturi.

184 2525 409 2578 lihnrrccnonurr
427 2539 601 2580 connrronus.
632 2555 664 2564 -·
688 2523 736 2580 lsti

148 2593 364 2664 quatuordeeim
380 2593 491 2650 articuli
508 2593 681 2666 colliguntur
701 2595 736 2652 de

148 2665 288 2737 symbolo,
304 2667 379 2736 qued
395 2665 522 2737 Apostoli
534 2665 734 2724 condiderunt.

147 2735 304 2793 Articulum
325 2735 448 2809 primum
473 2742 501 2792 et
524 2738 679 2795 secundum
699 2739 734 2796 de

148 2807 317 2877 divinitate,
348 2808 443 2882 posuit
469 2810 580 2879 Petrus,
607 2810 735 2867 Andreas

147 2879 273 2946 tertium,
290 2880 514 2938 bartholomeus
533 2887 676 2953 quartum,
691 2881 734 2938 Si·

148 2967 215 3008 mon
246 2951 401 3024 quintum,
430 2953 587 3010 Thaddaeus
614 2959 734 3022 sextam,

148 3023 269 3081 Mathias
292 3023 453 3095 septimum.
470 3027 540 3081 ltem
564 3025 684 3095 primum
708 3029 754 3082 et.

148 3096 302 3152 secundum
313 3095 463 3152 articulum
475 3098 509 3152 de
520 3096 624 3152 Christi
638 3097 735 3154 huma·

146 3169 244 3236 nitate,
260 3167 356 3240 posuit
366 3170 487 3225 lacobus
501 3169 600 3240 llajor,
611 3171 734 3226 JilassfleS

147 3237 272 3308 tertium,
288 3241 411 3296 Thomas
427 3243 570 3310 quartum,
587 3242 735 3298 llatthaeus

146 3309 421 3394 quintum,lacobus
434 3314 525 3368 llinor
538 3318 658 3382 sextum,
672 3312 735 3369 Phi-

145 3381 237 3455 lippus
251 3383 411 3456 septimum.
427 3383 455 3440 Si
469 3388 562 3441 antem
578 3389 732 3456 quaeratur,

146 3469 182 3512 an
192 3459 340 3512 teneamur
350 3455 446 3527 aliqua
457 3457 583 3524 credere,
597 3471 660 3528 quae
677 3473 732 3512 non

146 3531 211 3582 suni
223 3525 352 3584 articuli?
362 3526 514 3583 dicendum
528 3533 580 3593 est,
593 3529 667 3599 quod
682 3527 731 3585 sic.

146 3597 262 3670 Oportet
276 3601 350 3655 enim
368 3597 461 3668 nobis,
473 3597 509 3654 ad
524 3599 653 3667 salutem,
670 3616 732 3656 cro·

145 3669 211 3726 dere
223 3671 292 3740 Deo,
305 3670 382 3743 quod
398 3675 440 3725 est
454 3669 570 3726 credere
586 3671 681 3728 verbis
696 3671 730 3728 il·

145 3739 198 3797 lius
216 3747 244 3798 et
260 3741 353 3799 Sacrae
369 3739 531 3813 Scriptura.

179 3813 340 3886 charuon
370 3815 613 3870 Evincamsrnnun
641 3829 732 3870 omre·

144 3901 258 3954 nsnrin,
285 3903 464 3948 inranrionns
493 3903 525 3940 nr
554 3903 667 3942 riconis.
698 3917 732 3928 —

146 3957 220 4013 Sane
236 3961 279 4014 est
303 3957 378 4014 eirea
401 3957 455 4014 hoc
475 3957 635 4029 sciendum,
657 3957 733 4028 quod

145 4041 209 4099 pars
224 4027 327 4085 divinae
344 4028 507 4102 Scripturas,
519 4045 582 4103 qum
596 4036 639 4086 est
652 4030 732 4086 testi-

146 4099 278 4156 monialis
295 4105 322 4184 ct
339 4101 519 4184 Evangelica,
542 4101 571 4158 in
593 4101 732 4184 librorum

145 4177 330 4242 quaternario
350 4179 513 4231 continetur
537 4191 544 4230 :
567 4177 630 4230 sunt
655 4189 731 4229 enim

145 4247 268 4314 quatuor
292 4245 490 4316 Evangelistae,
510 4244 589 4318 quasi
609 4251 733 4318 quatuor

145 4318 242 4386 testes,
258 4315 334 4387 quod
353 4317 439 4372 homo
452 4315 499 4373 ille
538 4316 565 4374 ui
584 4317 675 4373 dictus
689 4319 732 4373 est

145 4386 238 4458 lesus,
252 4385 306 4442 luit
319 4385 448 4445 Christus
470 4387 499 4444 in
518 4333 595 4461 (iege
610 4387 730 4461 promis-

800 1449 866 1518 quia
881 1446 1002 1504 maxime
1018 1447 1187 1504 immoratur
1204 1445 1280 1502 eirca
1294 1445 1386 1503 hemi·
1472 1485 1473 1488 ,

799 1533 863 1574 nem
891 1520 1053 1587 Christum;
1081 1517 1258 1575 ostendendo
1288 1519 1385 1574 iesum

798 1589 989 1659 subsellium,
1006 1595 1053 1672 qui
1072 1587 1341 1662 promissusiuerat
1356 1587 1385 1645 in

797 1664 857 1718 tota
877 1662 950 1718 serie
966 1664 1186 1733 scripturarum.
1209 1659 1287 1716 Unde
1304 1661 1385 1731 quasi

797 1732 832 1788 de
856 1733 971 1791 homine
998 1749 1113 1790 exorsus
1126 1737 1172 1788 est
1188 1730 1323 1800 scribere,
1339 1730 1384 1787 di-

797 1820 863 1861 cens
877 1823 884 1862 z
900 1807 982 1862 Liber
993 1807 1178 1878 perorationis
1191 1805 1255 1860 iesu
1269 1805 1384 1872 Christi,

796 1881 850 1933 etc.
867 1908 901 1920 -
918 1879 1030 1934 Marcus
1042 1893 1121 1946 vere,
1136 1874 1332 1958 principaliter
1344 1876 1385 1930 in·

795 1947 887 2004 tendit
902 1949 1059 2018 declarare,
1070 1949 1306 2005 illumhominem
1316 1947 1384 2003 luis·

795 2035 825 2076 se
841 2021 947 2090 Regem
967 2025 995 2077 et
1008 2019 1158 2077 Dominum
1172 2019 1312 2089 omnium,
1328 2017 1381 2074 sic-

795 2091 864 2147 utin
878 2093 1019 2164 Propheta
1032 2093 1149 2148 Daniele
1160 2091 1257 2160 hobel,
1270 2089 1344 2162 quod
1354 2093 1383 2146 ia

794 2164 889 2219 diebus
913 2171 1031 2234 quatuor
1061 2179 1206 2233 regnorum
1236 2162 1384 2218 suscitabit

793 2237 864 2292 Deus
872 2238 932 2292 celi
941 2251 1055 2305 regnum
1067 2234 1210 2308 quintum,
1220 2235 1293 2305 qued
1302 2236 1332 2290 in
1343 2249 1381 2289 ae-

794 2309 1159 2379 ternumnoadissipcbitar
1161 2345 1214 2364 .....
1225 2307 1297 2374 Quia
1307 2309 1382 2433 ploie-

792 2383 851 2434 ctas
879 2381 939 2448 ejus
957 2385 1078 2450 potestas
1103 2382 1279 2452 sempiterna.
1335 2375 1381 2434 inc

792 2455 836 2506 est
854 2451 930 2522 qiiod
952 2454 1062 2508 blancus
1077 2451 1242 2522 designatur
1255 2465 1308 2521 per
1319 2447 1380 2506 leo·

792 2537 870 2593 nem,
887 2521 936 2592 qui
951 2531 994 2579 est
1010 2539 1059 2578 rex
1070 2528 1098 2580 et
1113 2522 1244 2579 dominus
1258 2519 1378 2576 aliorum

791 2595 970 2666 animalium,
985 2595 1061 2651 unde
1075 2600 1103 2650 et
1114 2593 1143 2651 in
1155 2610 1189 2651 co
1199 2591 1314 2650 auditur
1325 2607 1379 2649 coca

790 2665 881 2722 leonis
890 2670 920 2722 in
934 2669 1039 2722 deserte
1053 2665 1202 2749 rugientis,
1216 2673 1245 2722 et
1260 2666 1378 2721 claman-

791 2742 837 2809 tis,
852 2745 905 2796 etc.
920 2737 990 2794 llinc
1003 2743 1047 2795 est
1061 2750 1157 2806 etiam,
1170 2737 1245 2809 quod
1258 2735 1378 2792 maxime

790 2808 866 2864 eirca
887 2812 1026 2866 miracula
1045 2809 1224 2878 immoratur,
1250 2813 1279 2863 et
1303 2807 1379 2864 circa

791 2883 1057 2950 Resurrectionem
1074 2886 1102 2936 et
1124 2895 1226 2951 parum
1248 2879 1327 2948 ponit
1342 2879 1378 2934 de

790 2951 919 3008 doctrina
947 2951 1061 3020 Christi,
1090 2953 1157 3023 quia
1183 2949 1379 3023 principaliter

790 3021 1197 3095 intenditpotestalemejuset
1208 3020 1376 3089 dominium,

790 3103 876 3166 atque
891 3095 1024 3152 virtutem
1039 3095 1189 3167 explicare,
1206 3091 1308 3165 quaein
1323 3095 1376 3149 lle-

790 3167 965 3224 surreetione
978 3175 1007 3224 et
1023 3165 1168 3223 miraculis
1183 3163 1304 3222 maxime
1321 3163 1378 3220 elu-

790 3245 917 3296 cescunt.
932 3269 967 3281 -
983 3241 1072 3296 Lucas
1087 3254 1155 3294 rere
1165 3236 1287 3293 intendit
1300 3235 1377 3320 prin·

789 3311 919 3383 cipaliter
947 3311 1103 3379 declarare,
1129 3309 1208 3365 illum
1229 3308 1375 3364 hominem

789 3383 874 3439 luisse
897 3382 1072 3440 salvatorem
1088 3381 1248 3463 hominum,
1268 3384 1297 3435 et
1311 3379 1375 3435 ideo

787 3454 818 3511 in
832 3453 973 3528 principio
990 3452 1145 3512 introducit
1159 3450 1319 3510 Gabrielem
1332 3449 1375 3506 di·

788 3529 916 3584 centem:
932 3525 1373 3595 Vocatieoomenojooseoam,....

787 3602 846 3672 ipse
858 3601 930 3655 caim
942 3599 1049 3654 salvum
1057 3600 1145 3667 saciet
1154 3597 1287 3669 populum
1296 3609 1375 3677 suum

787 3688 805 3726 a
837 3673 936 3726 ceratis
951 3686 1061 3738 emam:
1076 3675 1105 3726 et
1120 3669 1151 3725 in
1164 3667 1286 3724 secundo
1299 3681 1375 3738 capr-

787 3688 846 3799 tufo
860 3742 956 3798 subdit
969 3743 1088 3798 verbum
1106 3738 1207 3812 Angeli
1222 3741 1257 3796 ad
1276 3745 1372 3812 pasto-

788 3831 833 3870 res
848 3831 855 3869 :
872 3817 961 3871 Natus
978 3817 1018 3868 cst
1036 3813 1112 3868 vobis
1130 3813 1210 3868 bodie
1234 3813 1375 3880 Salvator,

788 3889 817 3941 in
833 3888 944 3940 ciuitate
955 3885 1056 3940 David.
1074 3883 1145 3940 llinc
1157 3889 1211 3952 est,
1228 3882 1304 3954 quod
1318 3897 1377 3938 ma-

787 3959 861 4013 xime
876 3956 1045 4012 immoratur
1070 3956 1145 4014 circa
1185 3959 1244 4012 esta
1259 3959 1287 4010 et
1302 3952 1392 4011 iacta,

788 4027 901 4090 Christi,
918 4043 981 4100 quae
996 4035 1101 4084 sonant
1112 4027 1140 4084 in
1157 3971 1335 4084 riemantiam
1348 4029 1376 4079 et

788 4100 919 4169 salutem,
937 4105 965 4156 et
985 4101 1014 4156 in
1030 4099 1227 4156 remissionem
1242 4099 1375 4170 peccato·
1402 4163 1406 4170 Ι
1450 4129 1455 4138 ·

787 4187 860 4228 rum.
873 4173 907 4228 lit
920 4177 1036 4244 propter
1046 4173 1099 4229 hoc
1112 4171 1141 4228 in
1151 4169 1300 4228 referende
1310 4169 1376 4222 Pas

788 4243 908 4312 sionem,
921 4242 1043 4300 manime
1057 4240 1302 4320 explicavitrerba
1315 4235 1376 4292 dul·

787 4315 831 4372 cia
845 4321 874 4372 et
886 4313 1037 4372 clementia
1050 4313 1166 4383 Christi,
1182 4315 1211 4368 nl
1226 4315 1267 4367 est
1279 4307 1348 4392 illud
1366 4325 1372 4364 τ

786 4391 877 4450 Pater,
899 4389 1007 4442 dimitte
1033 4389 1081 4460 eis,
1106 4401 1160 4440 non
1186 4385 1256 4438 enim
1283 4385 1373 4435 cerunt
