2974 5040
382 452 421 506 ut
448 451 579 514 rthrll,
608 451 643 504 lli
669 450 832 505 rhssmhl
859 451 986 505 DOMINI.
1264 445 1297 500 'lb

79 551 142 611 dum
160 571 190 614 se
207 557 272 614 huic
284 557 424 642 articulo,
442 559 547 632 poterit
572 560 658 642 homo
687 560 690 652 l
714 564 881 642 musteum,
894 553 1295 641 etunuslflivungelistaoerpri-

81 627 188 694 depello
203 630 247 685 vel
265 646 345 703 virga
359 645 485 702 seipsum
500 631 622 700 cosdore,
634 647 658 686 si
714 637 766 686 mit
785 647 884 698 unum,
904 631 978 687 ullus
989 630 1084 698 aliud,
1099 644 1166 700 quara
1183 643 1206 684 si
1223 633 1294 683 tao-

80 701 195 778 uratiam
215 701 319 769 habet;
346 701 388 758 vel
415 702 516 760 saltem
544 717 657 774 compa-

79 771 172 826 hendo
188 772 336 842 llagellato
358 772 481 842 Christo,
498 776 658 831 mentaliter

79 856 107 897 se
122 842 256 915 bugellet,
271 850 300 901 et
311 843 352 902 sic
366 853 447 902 oret:
460 849 536 915 lesu,
552 849 658 918 quipro

78 912 154 969 collis
173 917 314 986 popellum
328 917 453 989 undiquc
479 919 602 982 noluisti,
620 918 658 974 du

77 987 144 1040 mibi
156 989 269 1056 depelle
282 993 335 1045 tuas
341 995 465 1060 potuum
478 991 658 1060 coneptiouis

79 1056 192 1113 libenter
207 1062 355 1131 suscipere,
372 1066 398 1116 et
414 1065 441 1116 le
454 1063 575 1132 peccetis
590 1063 657 1118 meis

77 1143 224 1199 numquam
239 1131 327 1187 denuo
340 1133 491 1201 depellare.

114 1219 143 1255 ια
160 1201 288 1259 Dominus
300 1203 441 1260 euasurus
466 1221 596 1260 coccinea
610 1221 657 1260 m-

79 1285 184 1352 nurrun.
201 1305 237 1314 -
256 1275 325 1332 Cum
339 1273 428 1346 igitur
439 1281 503 1348 post
523 1277 657 1346 llagella-

78 1346 180 1400 hooem
191 1347 279 1404 Jesus
289 1345 425 1404 revestire
441 1363 472 1404 se
486 1347 580 1414 vellet,
592 1363 658 1404 con·

78 1415 196 1494 tendunt
220 1415 385 1490 impiissimi
409 1418 526 1501 quidam
552 1418 656 1488 Pilato,

79 1484 201 1566 dicentes
218 1505 224 1545 :
244 1488 374 1558 Domine,
393 1491 438 1546 luc
455 1505 486 1546 se
502 1506 598 1561 regem
616 1491 656 1547 le·

79 1562 122 1624 ut,
135 1559 327 1618 vestiamuset
342 1577 513 1618 coronemus
523 1577 587 1618 eum
600 1577 658 1618 mo·

78 1643 107 1684 re
119 1629 207 1702 regio.
222 1631 331 1702 bliseri,
347 1633 383 1689 ad
400 1635 515 1705 plenum
527 1631 582 1692 sibi
598 1633 657 1691 illu·

80 1701 142 1781 dere
155 1702 302 1771 volebant,
316 1709 471 1776 antequam
493 1721 558 1762 erim
575 1721 657 1761 mor-

78 1773 267 1854 hntrpderentl
287 1776 364 1832 Unde
379 1777 527 1832 Anselmus
543 1794 550 1833 :
567 1797 582 1828 u
596 1777 657 1832 No-

77 1857 186 1926 vissime
203 1851 313 1915 autem,
327 1847 446 1905 Domine
463 1849 540 1912 lesu,
556 1847 584 1904 in
597 1863 656 1904 ma·

79 1929 127 1970 nus
136 1917 401 1975 incircumcisorum
413 1917 533 1976 militum
545 1919 658 1976 devolu-

78 1989 119 2041 tus
128 2002 167 2052 es,
179 1995 275 2046 morte
284 1989 447 2062 turpissima
457 2006 657 2048 consummen-

77 2055 139 2139 dus5
159 2075 261 2131 parum
281 2067 344 2119 crat
361 2060 508 2134 sacrilegis
526 2061 659 2119 manibus

78 2143 130 2210 suls
149 2133 318 2205 crucifigere
336 2139 376 2202 te,
394 2132 448 2189 uisi
468 2132 547 2204 prius
567 2134 658 2206 reple·

78 2207 178 2258 iissent
192 2203 376 2261 illusionibus
390 2203 515 2262 animam
527 2212 606 2261 tuam
621 2223 628 2261 :
642 2226 657 2256 u

78 2270 134 2328 haec
144 2275 304 2332 huselmus.
319 2279 403 2337 Tuus.
417 2275 612 2334 consentiente
623 2275 659 2334 ad

79 2341 127 2399 hoc
138 2345 239 2410 Pilato,
254 2348 494 2420 miticcsprusidts
503 2349 658 2420 suscipien-

79 2418 114 2469 tes
120 2418 208 2474 iesum
217 2421 250 2474 in
257 2421 417 2490 pretorium
427 2425 660 2488 concrepaverunt

80 2485 113 2540 nd
123 2503 181 2568 eum
196 2493 358 2546 uniuersum
371 2493 523 2555 cohortem
540 2490 568 2546 in
584 2507 657 2563 prae·

80 2561 190 2630 tomum,
209 2560 283 2634 quia
298 2561 338 2618 ibi
359 2561 478 2619 sedebat
499 2563 608 2618 Praeses
630 2567 659 2618 et

80 2637 202 2701 senatus,
227 2637 261 2690 ut
286 2649 386 2690 omnes
412 2631 587 2690 interessent
606 2632 658 2690 tali

81 2704 251 2770 spectaculo.
267 2709 296 2761 et
310 2709 341 2761 ut
352 2703 444 2776 magis
460 2704 614 2761 illuderent
628 2703 658 2761 in

81 2769 136 2828 loco
158 2774 281 2846 patenti,
300 2781 327 2832 et
351 2791 448 2833 coram
465 2775 655 2834 multitudine.

80 2844 112 2924 lit
126 2860 188 2902 eum
204 2845 252 2902 rix
266 2846 443 2911 revestitum,
459 2855 587 2904 exuentes
608 2864 656 2905 ve·

80 2917 214 2974 elimentis
229 2917 290 2974 suis
304 2917 459 2975 induerunt
479 2936 541 2975 eum
564 2923 655 2990 reste,

80 2999 125 3042 seu
143 2988 240 3046 tunica
256 3005 410 3062 purpurea,
428 2995 457 3046 el
475 2991 656 3046 circumdede-

79 3064 140 3114 runt
158 3063 183 3116 ei
196 3063 370 3130 chlamydem
390 3063 552 3131 coccineum,
569 3062 657 3118 idest

81 3129 190 3197 pallium
205 3131 267 3189 sive
280 3132 460 3201 mantellum,
475 3149 533 3190 non
553 3149 656 3190 consu·

81 3204 146 3264 ium.
160 3206 209 3260 sed
223 3203 311 3260 fibula
338 3203 511 3261 infrenatum
531 3203 656 3261 coccinei

82 3271 188 3344 eoloris,
203 3273 254 3358 qui
268 3281 311 3331 est
323 3274 399 3357 inter
413 3277 532 3358 rubeum
546 3281 574 3334 et
588 3292 656 3358 pur-

81 3355 425 3419 purrum‚1n0ppr0rlttm
438 3363 507 3419 regn
518 3363 655 3418 nummis,

81 3415 150 3538 guod
167 3421 239 3490 ipse,
253 3423 285 3474 ut
303 3419 393 3475 ludaei
409 3419 585 3477 asserebant.
605 3417 655 3475 in-

99 3486 169 3544 ebrie
180 3490 354 3560 usurpabat;
371 3495 399 3547 et
413 3490 448 3546 ad
465 3488 654 3547 deridendum

82 3569 152 3624 eum,
166 3558 239 3618 sicut
254 3576 284 3618 re
304 3577 349 3618 em
358 3561 473 3630 laisum,
484 3567 656 3634 acceperunt

81 3640 229 3700 purpuram
239 3577 528 3704 etcirlanrydemnon
540 3649 653 3698 noram,

82 3698 128 3754 sed
145 3709 280 3772 retorem,
292 3702 322 3760 iu
337 3703 512 3761 confusionis
520 3721 656 3777 augmen-

83 3772 138 3826 lum
153 3789 160 3830 :
174 3775 242 3846 qnia
267 3777 344 3832 enim
364 3789 414 3832 rex
429 3777 586 3839 dicebatur.
610 3775 653 3832 in·

82 3837 166 3899 duum
178 3861 242 3902 enm
256 3847 393 3915 restibus,
403 3847 504 3916 quibus
515 3863 597 3918 reges
609 3863 655 3904 se·

82 3915 152 3990 teres
163 3919 324 3974 utebantur.
340 3917 470 3974 Christus
484 3917 587 3975 illedie
602 3917 654 3974 luit

82 3985 190 4044 indutus
208 3988 312 4062 triplici
326 3995 414 4052 veste.
428 3989 556 4046 scilicet:
575 3990 651 4052 alba.

83 4055 165 4114 rubea
180 4065 209 4115 et
226 4059 367 4124 coccinea,
389 4060 425 4117 ad
444 4061 653 4133 designandum

82 4127 153 4248 3⁰⁰d
167 4130 283 4202 quivult
296 4132 515 4190 essedeChristr
532 4131 651 4198 lumilis,

100 4198 160 4279 ebet
178 4209 291 4272 portare
319 4212 426 4260 vestem
445 4204 540 4261 albam
566 4203 652 4260 irruo-

82 4275 184 4346 cenhss,
197 4275 314 4332 rubeam
330 4274 457 4333 caritatis
471 4281 501 4333 et
519 4277 653 4334 obedien-

83 4339 169 4410 lueet
180 4349 341 4402 coccineum
352 4346 536 4420 poenitentiae.
549 4346 594 4405 Sic
604 4362 652 4402 er·

83 4421 115 4476 80
132 4428 205 4472 nuuc
218 4431 347 4490 purpura
360 4425 388 4476 et
403 4418 553 4490 chlamyde
568 4417 655 4475 indu·

713 707 774 758 tum
790 703 969 775 chlamydem
988 705 1014 759 ei
1028 697 1292 768 circumdedissent,

714 789 770 830 noo
785 789 850 832 eum
868 775 1033 841 nudassent,
1048 773 1122 830 sieut
1146 769 1294 853 conlegi-

714 849 760 901 tur
773 846 894 904 nudatus
912 853 979 902 anie
995 847 1146 912 Herodem,
1166 842 1213 900 uhi
1231 857 1292 898 rm-

712 921 870 989 posuerunt
883 916 937 974 sibi
952 917 1048 974 elbam
1061 922 1179 973 vestem.
1196 915 1230 969 El
1245 913 1293 970 be·

713 1004 749 1044 ne
763 987 949 1046 conveniebat
964 989 1050 1045 vestis
1065 987 1132 1045 alba
1156 990 1185 1042 el
1206 985 1293 1042 rubra

712 1057 762 1116 tali
777 1059 900 1132 corpori,
916 1065 1014 1132 utpote
1028 1059 1078 1116 toti
1092 1055 1232 1140 sunguine
1248 1071 1292 1112 ru·

714 1129 821 1188 bricato
838 1148 872 1190 er
887 1129 1088 1204 flagellatione,
1105 1137 1136 1188 ut
1150 1127 1291 1200 implere·

713 1202 836 1260 turillud
850 1203 929 1260 isaiae
943 1221 950 1260 ε
967 1204 1057 1272 Quare
1067 1203 1182 1258 rubrum
1195 1203 1235 1256 est
1248 1201 1292 1254 iu·

712 1274 870 1332 daemonium
882 1281 969 1343 tuum,
980 1281 1005 1331 el
1015 1277 1207 1331 uestimentum
1220 1273 1293 1327 sicut

712 1347 878 1402 calcantium
893 1349 923 1402 iu
938 1347 1071 1403 torculari
1080 1345 1203 1402 iEtbaec
1214 1358 1292 1414 quae-

711 1416 777 1486 etio,
792 1418 949 1476 secundum
962 1419 1098 1486 lilossum,
1109 1416 1161 1473 luit
1174 1413 1293 1485 hogelo·

713 1505 776 1546 rum
800 1489 955 1546 videntium
981 1495 1010 1547 et
1029 1487 1194 1546 mirantium
1217 1485 1294 1557 qarod

712 1561 816 1619 Christi
831 1577 945 1634 corpus,
965 1561 1041 1634 quod
1057 1565 1091 1618 de
1112 1567 1193 1616 utero
1209 1555 1293 1630 virgi-

714 1631 781 1702 nali,
790 1639 901 1690 tantum
916 1636 1069 1690 candorem
1080 1629 1189 1699 habuit,
1202 1644 1292 1701 quan·

712 1709 772 1761 lum
796 1704 865 1762 lullo
888 1720 944 1761 nou
972 1709 1064 1778 potest
1094 1704 1187 1760 iacere
1208 1715 1294 1772 super

712 1781 828 1846 terram,
846 1775 875 1833 in
892 1781 1001 1834 lantum
1019 1774 1074 1832 luit
1092 1773 1230 1858 sarsguine
1245 1787 1292 1854 ru·

712 1846 863 1905 bricatum.
887 1847 929 1905 hd
946 1863 1032 1919 quam
1052 1851 1238 1920 quaestrooem
1266 1859 1293 1900 1·

712 1925 821 1992 pscmet
830 1918 936 1976 ibidem
945 1917 1217 1992 respondit,dicens:
1231 1917 1296 1972 Tor·

713 1993 792 2047 culur
803 1993 911 2048 calcavi
921 1993 1006 2047 solus.
1022 1989 1105 2058 Quasi
1120 1989 1237 2055 diceret,
1249 2001 1293 2043 se·

713 2061 839 2119 cundum
862 2063 987 2120 dlossam
1004 2081 1013 2118 ε
1032 2064 1090 2134 Ego
1104 2061 1181 2116 solus
1202 2060 1294 2114 susti-

713 2133 762 2190 nui
778 2149 943 2216 pressuram
958 2131 1061 2202 crucis,
1075 2130 1295 2213 flagellorumflet

714 2220 841 2262 omnium
856 2209 1065 2262 tormentorum
1082 2216 1239 2276 passiones,
1261 2216 1292 2256 m

714 2275 819 2348 qrribus
846 2275 928 2348 quasi
956 2275 1045 2348 praelo
1075 2289 1190 2347 pressus
1218 2286 1292 2340 sum,

714 2347 858 2420 sanguine
877 2347 993 2420 proprio
1010 2361 1063 2420 per
1081 2351 1171 2402 tolum
1191 2357 1293 2414 corpus

714 2435 807 2476 meum
824 2436 873 2490 pro
884 2420 975 2477 salute
989 2417 1088 2476 mundi
1104 2415 1293 2496 aspersuslu

713 2507 858 2564 purpureo
878 2507 947 2564 ergo
959 2489 1131 2548 vestimento
1151 2503 1218 2544 caro
1231 2501 1293 2558 epus

714 2561 896 2634 passionibus
911 2563 1025 2632 objecta
1037 2559 1226 2633 significatur,
1243 2573 1294 2630 per

715 2635 767 2690 hoc
782 2639 868 2692 etiam
891 2633 1069 2708 significatur
1086 2634 1179 2704 passio
1195 2632 1295 2712 llarty·

714 2720 788 2774 rum,
806 2721 861 2778 qua
879 2711 970 2762 totum
992 2719 1097 2776 corpus
1114 2701 1217 2785 Christi
1233 2715 1294 2772 my·

714 2775 828 2846 sticum,
841 2777 870 2834 id
884 2781 928 2834 est
940 2777 1065 2834 Ecclesia
1076 2776 1251 2840 rubricatum
1265 2777 1294 2827 et

713 2847 754 2904 sic
773 2853 859 2905 etiam
887 2863 1012 2922 purpura
1029 2845 1159 2914 vestitur,
1175 2859 1241 2901 cum
1259 2843 1293 2898 de

713 2918 865 2992 triumphis
880 2925 1042 2976 sanctorum
1059 2932 1176 2976 suorum
1193 2918 1294 2986 hlarty-

713 2991 940 3062 rumgloriatur.

752 3067 783 3119 ιδ
801 3063 966 3120 Docuusrsra
979 3079 1033 3120 nuo
1046 3079 1080 3117 ax
1094 3077 1177 3118 vssrs
1192 3073 1294 3115 auaru-

713 3151 775 3192 nsa.
792 3151 874 3190 amos
888 3150 1121 3191 cousosuunoms
1135 3147 1167 3186 sr
1182 3146 1292 3186 enarro.

712 3236 738 3246 -
767 3207 805 3262 lix
824 3205 878 3261 hoc
893 3211 988 3262 autem
1006 3205 1126 3261 articulo
1142 3203 1294 3258 trahuntur

712 3271 1293 3344 duodocumenla.Primumest‚quodnos
1388 3291 1393 3298 ·

711 3353 828 3420 peccatu
840 3353 938 3404 uestra
948 3362 1060 3420 operire
1073 3347 1212 3402 debemus
1225 3357 1291 3412 opo-

711 3417 790 3476 ribus
809 3417 947 3488 caritatis,
965 3425 997 3475 ut
1011 3416 1085 3474 sicut
1102 3414 1230 3474 Christus
1246 3429 1294 3469 uo-

712 3495 837 3546 slrorum
854 3496 1037 3562 peccatorum
1053 3486 1176 3553 depellis
1190 3500 1292 3567 cruen-

711 3567 786 3618 tatus
801 3577 928 3635 purpura
942 3560 1082 3632 cooperiri
1097 3558 1195 3623 voluit,
1216 3572 1256 3614 sic
1266 3558 1294 3611 et

710 3649 763 3690 nos
777 3650 864 3704 opera
878 3639 976 3692 nostru
988 3638 1116 3702 cruenta,
1126 3629 1155 3688 id
1171 3633 1213 3687 est
1227 3643 1292 3701 pec-

710 3704 1293 3778 catanostra,cooperiamuspurpuraver-
1397 3705 1406 3722 '

710 3779 805 3833 nantis
821 3776 959 3844 caritatis,
977 3775 1122 3846 quoniam,
1139 3779 1167 3830 ut
1182 3771 1222 3828 eil
1238 3771 1292 3826 Pe-

709 3853 771 3904 trus
783 3865 790 3903 :
803 3849 912 3905 Caritas
920 3851 1007 3920 operit
1018 3845 1224 3903 multitudinem
1233 3859 1294 3914 pec·

709 3925 843 3976 culorum.
871 3919 927 3977 Sed
953 3918 1039 3976 etiem
1058 3933 1109 3990 per
1132 3929 1292 4000 purpuram

710 3989 889 4062 significatur
906 3993 1041 4046 memoria
1058 3992 1213 4046 Dominirae
1227 3987 1292 4042 Pas·

709 4059 811 4130 sionis,
824 4062 901 4119 unde
917 4063 945 4118 in
960 4060 1083 4119 canticis
1098 4079 1106 4118 ι
1119 4059 1292 4138 Gomaecupi-

711 4135 872 4204 lisspousu,
893 4132 922 4190 id
941 4139 984 4190 est
1005 4137 1109 4190 animm
1123 4129 1227 4198 fidelis,
1242 4129 1291 4208 dr-

710 4211 812 4261 cuntur
825 4221 889 4262 esse
902 4207 974 4261 sicut
985 4221 1111 4276 purpura
1125 4203 1185 4274 ejus
1198 4218 1205 4268 ;
1224 4213 1293 4270 qula

711 4275 900 4348 cogitationes
914 4275 1019 4333 mentis
1032 4281 1148 4341 nostros,
1166 4287 1229 4344 quae
1243 4283 1294 4350 per

711 4363 808 4405 comes
824 4346 926 4418 capitis
951 4345 1160 4414 intelliguntur,
1186 4354 1292 4396 versari

712 4419 816 4477 debent
831 4417 1025 4476 assidueoirca
1035 4415 1201 4474 Passionem
1211 4411 1293 4467 lied-
