3124 5038
147 383 194 438 204
475 382 631 439 SECUNDAE
657 381 778 438 cruris
806 377 909 433 CAPUT
939 375 1034 429 txxv

151 489 299 559 &equetus
318 510 325 547 ι
348 507 362 541 s
387 487 431 546 Ad
454 487 649 546 instruendam
668 504 736 560 ergo
789 500 870 542 mus:
886 482 972 538 ohaec
987 481 1320 565 Greporiussdonsidera
1333 485 1383 544 hic

152 560 343 631 ignorantiam
368 565 493 618 nostrum
510 603 518 628 ,
540 561 577 618 ed
602 561 737 618 roborau·
791 573 876 629 quem
890 570 991 637 magus
1007 553 1059 609 furt
1074 557 1201 626 nequitia
1213 556 1382 640 iudaeorum

153 633 218 690 dam
237 631 433 690 infirmitatem
453 639 591 702 nostram,
605 649 663 689 suae
681 635 739 689 tte-
791 629 867 687 circa
890 629 1042 684 Dominum
1065 627 1172 698 desum,
1202 643 1265 700 quae
1294 635 1383 686 otram

152 703 337 762 surrectionis
370 704 529 774 exemplum
561 703 644 762 nobis
676 704 740 762 suf·
792 707 857 775 post
875 700 938 772 ejus
960 703 1081 780 mortem
1107 714 1166 781 nun
1192 700 1324 768 cessavit,
1347 706 1382 758 ut

153 776 241 833 dcere
261 777 368 845 uoluit;
397 775 474 833 solus
491 775 539 833 ilio
564 775 741 849 intempore
794 774 896 903 Erobat
915 785 1036 844 pecunia
1050 769 1214 828 custodibus
1234 772 1383 830 mendaci-

154 853 281 906 mortuus
295 851 349 916 est,
368 853 397 904 et
412 853 507 905 temen
528 847 606 906 solus
625 850 742 906 minime
815 843 1383 971 usdata3etquammepnabonitasepus

155 921 286 976 surrexit.
302 920 341 974 Ne
356 917 421 989 uuis
435 917 511 976 euim
527 918 611 988 dicet,
627 935 743 994 sperare
795 917 870 974 circa
887 914 962 984 illos,
980 913 1015 970 de
1031 929 1153 984 quorum
1170 915 1260 973 salute
1278 915 1337 972 uitri
1351 932 1384 971 o-

156 991 190 1046 de
205 1006 236 1047 se
249 1005 307 1046 uon
319 989 404 1047 debet
416 991 514 1058 homo,
525 991 601 1063 quod
614 990 644 1048 in
658 1006 743 1048 carne
796 986 893 1045 minus
913 1001 1010 1042 curam
1027 985 1127 1042 habuit
1143 1002 1150 1041 ε
1167 988 1272 1058 quibus
1290 1003 1383 1044 exem·

154 1077 205 1118 sua
229 1060 357 1118 exhibuit
374 1063 578 1134 Homo-Deus;
600 1079 665 1120 ecce
680 1078 744 1120 cum
796 1058 852 1134 ptis
867 1065 895 1115 et
906 1073 1164 1130 nosprorocamur,
1178 1064 1209 1114 ut
1219 1061 1283 1130 ejus
1295 1058 1380 1116 boni-

156 1133 214 1190 Dco
232 1132 363 1192 homiues
384 1134 574 1194 resurrexisse
598 1133 744 1210 cognosci·
797 1137 886 1188 tatem
898 1129 975 1188 circa
989 1127 1159 1202 injuriantes
1170 1129 1326 1189 imitemur.

704 1321 833 1380 ORATIO

192 1509 312 1569 Domine
325 1510 394 1568 Jesu
409 1507 531 1580 Christe,
547 1509 583 1567 ad
603 1509 683 1583 cujus
704 1505 931 1566 Resurrectionis
944 1505 1050 1564 tamam
1065 1505 1271 1580 denigraudam
1290 1509 1384 1567 iudaei

157 1583 296 1642 militibus
318 1581 469 1655 pecuniam
486 1580 630 1655 copiosam
655 1581 804 1645 dederunt,
829 1583 858 1636 et
878 1578 914 1636 ad
937 1579 1156 1652 pervertendum
1171 1579 1321 1638 ueritatem
1335 1597 1384 1638 eos

156 1661 355 1728 corruperunt.
379 1653 415 1710 da
430 1652 499 1710 mihi
517 1659 549 1711 ut
573 1652 695 1727 pecunia
711 1668 767 1710 nou
782 1666 960 1724 corrumpar,
980 1651 1025 1707 vei
1050 1666 1240 1725 corrumpam,
1258 1669 1310 1708 nec
1331 1669 1383 1726 pro

157 1732 213 1785 tem
237 1724 365 1782 cratibus
375 1731 403 1782 et
415 1724 588 1782 transitoriis
603 1725 702 1796 inique
712 1739 810 1794 agam
826 1725 875 1781 sed
891 1738 1003 1794 semper
1017 1721 1175 1780 inveritate
1189 1739 1383 1796 permaneam,

158 1805 187 1856 et
201 1743 447 1869 libererpeream.
464 1798 505 1853 Da
520 1795 607 1854 etiam
622 1796 742 1866 mibi,ut
755 1795 828 1853 sicut
841 1803 906 1868 post
916 1793 1164 1852 Resurrectionem
1180 1805 1258 1853 tuam
1268 1813 1384 1870 surgen-

160 1876 204 1928 tes
218 1875 305 1926 testes
325 1867 495 1925 exstiterunt
508 1868 571 1938 tibi,
588 1867 628 1926 sic
653 1875 680 1926 et
694 1884 746 1942 ego
762 1883 874 1924 merear
890 1867 924 1924 de
940 1871 969 1923 te
983 1867 1070 1924 serbo
1082 1877 1140 1924 eto
1162 1884 1210 1925 ere
1225 1868 1384 1937 testificari,

158 1940 227 2000 etin
240 1938 448 1998 resurrections
457 1941 593 2014 generali,
611 1947 705 1998 tecum
719 1945 747 1998 st
761 1955 825 1997 curn
837 1937 892 1996 tuis
906 1937 1004 1996 electis
1021 1943 1130 2010 partem
1143 1883 1260 2011 Kabere,
1277 1946 1306 1998 et
1319 1957 1384 1999 cum

160 2011 201 2072 eis
220 2028 317 2070 coram
331 2016 359 2069 te
373 2011 404 2070 in
417 2028 506 2086 regno
521 2017 570 2072 tuo
585 2011 647 2071 sine
659 2013 727 2084 Due,
744 2019 772 2070 te
787 2010 953 2081 miserante,
969 2011 1103 2084 gaudere.
1118 2012 1218 2071 Arnen.

632 2348 768 2420 CAPUT
791 2348 912 2420 LXXV

268 2576 410 2630 QUOHODO
426 2576 558 2634 boninus
575 2577 722 2622 transuta
739 2577 843 2636 PETBO,
860 2577 1021 2624 setestatus
1035 2578 1074 2623 AB
1092 2577 1274 2636 salutauit,

362 2657 399 2701 ΕΤ
417 2657 526 2703 JACOBO
544 2657 647 2703 struunt
668 2658 705 2703 AG
723 2658 845 2704 SANCTIS
866 2659 1011 2706 sarulsus
1032 2659 1063 2704 11t
1083 2659 1183 2705 niuno.

201 2859 210 2894 t
228 2836 285 2894 Gon
295 2837 387 2896 Panno
398 2854 593 2895 stuounamrrn
606 2839 739 2895 Caarsrus

160 2909 350 2967 seruauerunt
365 2911 479 2968 -Cum
493 2927 561 2983 ergo
572 2911 740 2982 Magdatena

164 2986 193 3038 et
207 2985 291 3038 sociae
304 2983 365 3054 rjus
384 2987 535 3040 redeuutes
548 2983 666 3040 domum
678 2999 740 3039 uar-

161 3061 273 3110 rassent
285 3053 430 3126 discipulis
441 3057 633 3111 resurrexisse
648 3055 741 3110 Domi-

163 3139 241 3194 num,
259 3127 359 3182 Petrus
386 3141 512 3183 moerens
535 3127 611 3199 quod
638 3125 740 3183 Domi-

162 3211 231 3254 num
246 3212 327 3254 suum
340 3213 397 3254 urin
411 3197 534 3268 uiderat,
549 3214 601 3256 nec
614 3196 741 3269 quiesce·

161 3284 194 3325 ro
208 3269 316 3337 valens,
331 3274 450 3342 propter
463 3269 568 3326 amoris
583 3273 740 3327 vehemen-

161 3339 241 3409 tiam,
250 3355 334 3412 quam
342 3343 378 3397 ad
389 3356 455 3398 eum
467 3342 601 3410 habebat,
610 3341 741 3398 discessit

160 3411 253 3484 subito
268 3412 304 3469 ab
320 3411 382 3468 aliis
393 3412 430 3469 ad
445 3414 633 3483 quaerendum
648 3413 741 3469 Domi-

162 3499 244 3552 num,
273 3489 302 3538 et
329 3483 406 3540 sotus
433 3483 493 3540 ibat
520 3499 619 3540 versus
647 3485 740 3554 sepul-

161 3553 741 3624 chrum.Nesciebatenim,ubieumalibi

163 3633 312 3698 quaercret.
331 3627 404 3684 Dum
431 3642 500 3699 crgo
523 3634 666 3698 pergeret,
691 3629 740 3684 Do·

163 3697 257 3753 miuus
270 3695 299 3754 in
314 3697 360 3756 ria
374 3697 401 3756 oi
413 3697 556 3772 apparuit,
570 3697 638 3756 ticet
650 3701 741 3756 Even-

162 3767 264 3842 gelista
275 3768 323 3826 ubi
338 3770 383 3827 vel
398 3787 454 3842 quu
475 3772 547 3828 hora
563 3771 668 3828 iactum
693 3771 740 3841 sit,

163 3855 220 3896 nou
230 3838 431 3910 designaverit.
445 3845 521 3899 Tunc
532 3846 630 3900 Petrus
644 3844 741 3900 videns

164 3911 325 3978 Dominum,
340 3912 463 3983 procidit
475 3913 505 3970 iu
520 3923 638 3984 terram,
655 3922 684 3972 et
697 3931 742 3972 ve-

164 3980 240 4040 niam
262 3981 342 4050 petiit
364 3983 399 4040 de
416 3985 469 4040 hoc
484 3987 560 4056 quod
574 4003 638 4043 euru
655 3988 738 4044 dere·

162 4052 288 4126 liquerit,
304 4061 332 4110 et
344 4055 401 4127 plur
412 4057 452 4111 ies
465 4057 590 4129 negarit;
605 4058 742 4115 Dominus

163 4135 257 4184 nutem
271 4125 324 4182 sibi
341 4135 457 4200 peccata
471 4125 626 4198 dimittens,
637 4141 666 4186 ct
677 4147 741 4187 eum

162 4199 337 4256 consolando
358 4203 535 4260 cout'ortans.
558 4200 628 4256 dicit
655 4201 681 4258 ci
712 4209 743 4258 ut

162 4271 311 4328 coutirmet
333 4271 420 4328 etium
442 4270 545 4326 tratres
568 4288 644 4327 suris.
661 4275 743 4329 Stant

162 4341 256 4414 simui,
268 4349 367 4403 etcum
380 4343 484 4416 gaudio
493 4341 692 4415 colloquuntur
706 4347 742 4404 ad

804 2839 936 2906 invicem,
947 2841 976 2895 et
988 2839 1021 2894 tit
1029 2836 1074 2894 hic
1082 2837 1213 2894 similiter
1224 2837 1318 2893 Pacha
1330 2836 1387 2910 mai

804 2927 903 2984 gnum.
913 2912 1102 2972 Sinuutariter
1113 2925 1181 3036 erpo
1194 2908 1385 2965 DominusPe·

803 2989 848 3040 tro
858 2982 1055 3055 apparuit,oui
1068 2982 1151 3052 singu
1164 2983 1253 3038 ariter
1263 2997 1327 3038 eum
1340 2996 1387 3037 ue

804 3054 889 3121 pavit.
906 3053 1038 3111 Omnium
1050 3059 1145 3110 autem
1157 3055 1296 3114 virorum.
1311 3068 1385 3124 quos

804 3125 992 3199 Evangelrstae
1011 3133 1040 3181 et
1057 3125 1185 3196 Apostoli
1206 3139 1384 3182 commemo·

804 3203 879 3267 rant,
895 3199 986 3270 primo
1002 3195 1139 3254 Dominus
1155 3198 1239 3254 Petro
1252 3196 1384 3268 pluribus

804 3270 839 3327 de
865 3267 958 3326 causis
985 3285 1036 3326 seu
1062 3268 1223 3326 rationibus
1243 3283 1385 3340 apparere

804 3341 894 3397 voluit
914 3357 921 3397 :
939 3339 1032 3410 prima
1051 3345 1105 3409 est,
1126 3339 1193 3412 quia
1212 3339 1303 3411 primo
1319 3356 1387 3397 con·

805 3415 891 3470 fessus
902 3417 946 3470 est
960 3429 1025 3470 eum
1041 3413 1186 3470 Christum
1200 3428 1275 3480 esse,
1292 3410 1385 3481 primo

805 3487 1055 3543 Resurrectionem
1076 3485 1137 3556 ejus
1159 3484 1323 3541 merebatur
1347 3482 1386 3539 si-

805 3560 890 3626 dere3
908 3557 1045 3624 secunde,
1057 3563 1088 3613 ut
1100 3563 1227 3613 mentem
1236 3557 1260 3627 ej
1267 3571 1309 3624 us,
1321 3569 1385 3626 quae

805 3626 835 3686 in
849 3626 988 3685 Passione
1002 3627 1187 3696 titubaverat,
1198 3627 1384 3698 reformaret,

805 3705 834 3757 et
848 3701 895 3772 qui
914 3699 1017 3756 timore
1032 3701 1174 3756 Passionis
1190 3700 1251 3770 ejus
1267 3697 1385 3754 eviden-

805 3771 863 3828 tius
876 3769 1029 3836 ceciderat,
1041 3777 1069 3828 et
1085 3770 1146 3844 ipse
1166 3786 1218 3843 per
1236 3785 1317 3842 spem
1332 3771 1386 3851 tte·

805 3842 993 3900 surrectionis
1004 3845 1081 3916 prius
1094 3847 1270 3914 resurgeret;
1287 3845 1385 3912 tertre,

805 3921 836 3972 ut
851 3925 999 3986 peccatum
1019 3917 1102 3971 trinae
1121 3913 1281 3986 ncgntionis
1295 3911 1321 3968 ei
1336 3911 1382 3968 in·

805 3987 917 4044 duttum
926 3985 1259 4050 ostenderetcnnsolans
1272 3999 1338 4041 cum
1349 3987 1385 4042 n'e

806 4060 990 4132 de-'pcrarct3
1018 4064 1130 4130 quarta,
1152 4065 1182 4114 ut
1209 4059 1386 4130 apostolatus

806 4131 868 4202 ejus
883 4129 1012 4186 ordinem
1029 4129 1230 4196 consolidaret,
1245 4137 1273 4185 et
1292 4127 1386 4197 ipsum

806 4201 835 4258 iu
848 4219 882 4260 eo
903 4203 1071 4270 roboraret;
1090 4205 1201 4274 quintu,
1216 4208 1246 4258 ut
1262 4216 1327 4258 eum
1342 4201 1385 4256 ta·

806 4279 850 4330 cto
862 4279 978 4330 doceret
990 4273 1113 4344 quainter
1126 4273 1248 4329 subditis
1258 4271 1317 4328 suis
1330 4289 1386 4342 poe·

806 4345 962 4404 nitentibus
992 4345 1225 4404 condescendere
1252 4343 1384 4412 deberet,
