3104 5034
183 387 230 444 298
489 391 651 448 sttututt
679 393 799 448 rttrts
826 389 928 448 catut
957 385 1110 442 txxltttt

188 496 238 556 sed
251 497 319 556 vitia
337 499 537 571 detrahentur;
555 507 584 560 et
599 501 653 559 erit
667 517 770 575 corpus

189 572 293 643 septies
317 571 420 629 clarius
440 589 525 645 quam
548 575 590 632 sol
614 576 652 630 sit
675 576 769 630 modo.

190 644 299 710 Quanto
316 653 409 700 autem
430 644 536 702 luerint
551 644 671 702 crimina
685 645 771 702 malo·

189 715 507 782 rumobomioabiliora‚
521 723 601 774 tanto
612 721 695 774 erunt
711 733 773 774 cor-

143 829 148 842 .
190 802 259 856 pora
279 802 377 842 eorum
401 787 590 856 deformiora;
616 793 644 846 et
665 793 771 860 quanto

190 856 297 914 luerint
312 857 413 914 merita
424 860 565 930 justorum
580 860 661 931 plura
675 865 704 916 et
713 875 771 916 ma·

190 929 263 1000 jora,
279 935 357 984 tanto
372 939 455 986 erunt
468 947 588 1004 corpora
603 947 701 988 corum
714 930 773 1002 pul·

191 1000 304 1056 chriora
329 1006 356 1055 et
380 1001 511 1059 clariora.
533 1005 640 1074 Corpus
663 1001 772 1058 minimi

191 1070 269 1142 pueri
285 1072 507 1143 septempliciter
520 1074 623 1130 clarius
638 1075 697 1130 sole
708 1076 772 1140 erit;

191 1142 214 1196 si
230 1141 302 1198 alius
318 1143 402 1198 luerit
417 1143 446 1199 in
460 1145 579 1216 decuplo
592 1162 625 1200 eo
637 1147 773 1213 sanctior,

191 1213 267 1268 illius
287 1229 390 1294 corpus
405 1213 435 1270 in
449 1217 567 1288 decuplo
587 1216 641 1272 erit
654 1216 702 1272 illo
718 1217 774 1274 cla·

192 1283 267 1351 rius3
284 1289 311 1340 et
328 1285 459 1342 similiter
475 1286 601 1357 intellige
618 1287 653 1343 de
668 1287 775 1344 centies

191 1360 219 1412 et
239 1355 383 1412 millesies.
399 1360 432 1413 Et
449 1360 522 1416 sicut
537 1361 664 1415 Christus
684 1358 777 1415 inlini·

193 1426 245 1484 ties
258 1435 301 1484 est
314 1428 448 1486 omnibus
461 1425 572 1488 Sanctis
587 1431 723 1498 sanctior,
737 1431 776 1488 ita

194 1503 238 1556 est
255 1498 393 1556 inlinities
412 1515 515 1574 corpus
533 1501 623 1573 ipsius
645 1501 777 1560 omnibus

194 1570 305 1628 Sanctis
330 1571 443 1630 clarius.
470 1574 574 1632 Omnes
597 1579 692 1630 autem
719 1579 777 1631 tam

192 1641 260 1700 boni
275 1658 360 1713 quam
382 1644 448 1701 mali
473 1651 621 1716 resurgent
649 1645 777 1701 incorru-

194 1717 234 1786 pti
249 1719 277 1770 et
291 1713 393 1785 integri
407 1731 537 1787 corpore,
551 1733 611 1773 sine
625 1716 720 1788 aliqua
737 1716 778 1772 vi·

194 1784 298 1840 detinet
319 1787 511 1844 membrorum
533 1786 777 1856 diminutionem

195 1855 289 1912 debita
305 1862 423 1926 statura,
439 1858 595 1916 secundum
616 1875 778 1916 mensuram

195 1933 287 1983 aetotis
307 1928 489 2000 plenitudinis
504 1930 622 1998 Christi3
644 1933 693 1986 sed
709 1931 777 1988 boui

195 2003 305 2056 tantum
318 2001 345 2056 in
359 1999 479 2072 gloriam
494 2001 714 2058 immortalitatis
729 2001 779 2059 im·

196 2073 389 2128 mutabuntur.
401 2074 678 2144 UndeAupuslinus:
691 2075 777 2143 «Sed,

194 2141 219 2198 si
233 2143 359 2200 Chri-tus
375 2143 450 2201 inea
464 2161 596 2203 mensura
608 2149 735 2217 corporis
750 2145 779 2202 in

196 2229 252 2342 3¹¹³
269 2223 396 2272 mortuus
410 2225 453 2272 est
464 2217 627 2286 resurrexit,
645 2218 723 2274 netas
737 2224 780 2274 est

219 2302 303 2356 icere,
319 2304 382 2343 cum
405 2289 632 2345 Resurrectionis
651 2291 779 2345 omnium

196 2362 306 2428 tempus
328 2359 446 2428 venerit,
464 2375 644 2418 accessuram
667 2359 780 2433 corpori

196 2429 258 2499 ejus
280 2443 342 2484 cam
365 2431 590 2500 magnitudinem
615 2447 700 2502 quam
723 2447 779 2488 non

195 2498 306 2566 hebuit,
331 2503 363 2554 ul
390 2501 570 2571 longissimus
598 2502 688 2574 possit
716 2503 779 2559 fleri

197 2569 326 2640 aequalis.
344 2568 372 2625 Si
388 2577 482 2627 autem
503 2572 667 2644 dixerimus,
680 2573 716 2629 nd
733 2575 781 2630 Do·

198 2639 293 2697 minici
308 2640 435 2711 corporis
450 2643 564 2699 modum
580 2642 667 2699 etiam
687 2645 779 2700 mino-

197 2727 260 2768 rum
276 2712 471 2839 magorumque
481 2729 601 2786 corpora
612 2714 778 2786 redigenda,

197 2783 303 2857 peribit
336 2801 352 2841 e
371 2785 522 2842 multorum
539 2788 704 2858 corporibus
717 2803 780 2860 per-

197 2855 361 2929 plurimum,
373 2872 436 2913 cum
449 2856 510 2930 ipse
525 2873 576 2915 nec
588 2858 723 2930 capillum
737 2875 780 2931 pe·

198 2927 319 2984 riturum
334 2944 396 2985 essa
409 2929 581 3002 promiserit.
598 2931 696 2987 Restat
710 2947 779 3002 ergo

198 3003 361 3071 utquisque
376 3000 495 3073 recipiat
512 3017 590 3058 suam
606 3017 778 3072 mensnram,

198 3085 284 3142 qnam
299 3074 341 3127 vel
358 3071 456 3129 habuit
472 3073 502 3129 in
526 3074 680 3141 'urentute‚
696 3075 719 3130 si
734 3090 779 3130 se·

199 3158 252 3197 nex
263 3144 508 3212 estmortuus;rel
530 3155 607 3202 neret
619 3145 792 3214 habiturus,

198 3212 221 3270 si
235 3217 354 3270 estante
370 3215 529 3272 drlunctus.
546 3219 578 3272 llt
593 3216 656 3273 idco
670 3233 725 3272 non
739 3224 782 3274 est

198 3284 304 3341 dictum
317 3287 353 3342 ab
363 3287 545 3358 Apostoloin
554 3304 714 3345 mensuram
726 3295 781 3346 sta·

198 3361 279 3424 lurae,
295 3358 346 3414 sed
364 3361 394 3412 in
412 3375 568 3415 mensuram
587 3363 677 3416 relatis
690 3362 780 3432 pleni·

199 3429 307 3484 tudinis
334 3430 447 3492 Christi,
464 3429 531 3500 quia
553 3437 702 3502 resurgent
723 3448 782 3488 cor·

197 3513 269 3572 pora
283 3505 458 3556 mortuorum
478 3500 507 3556 in
519 3500 638 3574 juvenili
656 3507 738 3560 aetate
752 3508 781 3560 el

198 3573 312 3640 robore,
325 3572 361 3628 ad
373 3587 458 3644 quam
470 3572 611 3630 Christum
620 3575 780 3644 pervenisse

197 3643 401 3712 cognovimus:
418 3665 433 3696 >i
447 3644 508 3702 haec
520 3645 707 3712 Augustinus.
725 3647 779 3703 Re·

197 3715 334 3774 surrectio
353 3731 422 3786 ergo
441 3716 496 3773 tria
511 3715 635 3788 corriget
647 3715 677 3772 in
696 3723 779 3774 natu·

197 3799 240 3852 ra,
258 3785 365 3842 scilicet
377 3805 384 3843 ε
398 3787 550 3856 delectum,
560 3787 671 3846 sirutin
685 3791 780 3861 pueris

196 3859 225 3910 et
242 3855 388 3922 mutilatis,
404 3859 504 3916 sivein
520 3859 660 3916 diminuta
678 3865 781 3918 natura

198 3927 406 4008 menibrorum;
421 3930 722 4000 superlliium,scilicet
732 3949 781 3990 un·

197 4011 307 4079 guium,
326 4002 446 4080 crinium
462 4009 490 4057 et
510 4004 688 4074 hujusmodi;
704 4019 780 4061 erro·

198 4085 269 4138 rem,
282 4074 352 4125 srrut
361 4079 402 4125 est
412 4085 441 4126 ro
453 4075 685 4132 monstruositate
695 4091 780 4132 mem·

197 4141 323 4200 brorum.
343 4143 501 4212 Resurgent
522 4161 637 4216 quoque
660 4163 780 4218 corpora

197 4229 307 4286 eorum,
322 4229 442 4270 numero
454 4214 553 4271 eadem
567 4233 629 4287 quse
644 4220 734 4289 prius,
746 4234 780 4274 ex

197 4286 298 4343 eodem
317 4286 430 4359 pulvere
446 4288 475 4342 in
491 4302 577 4360 quem
592 4288 710 4346 redacte
722 4289 780 4347 lue·

197 4363 276 4430 rant;
293 4358 333 4417 ita
350 4357 428 4434 quod
442 4357 471 4416 in
488 4373 680 4434 quascumque
695 4375 779 4420 auras

826 499 870 557 vel
885 497 964 556 sinus
978 493 1070 567 pulvis
1090 491 1138 550 ille
1156 491 1245 550 luerit
1263 491 1429 568 dispersus,

826 571 863 628 ad
881 568 1012 626 eamdem
1027 564 1154 623 unimam
1170 566 1284 632 redeat,
1303 581 1369 637 quie
1383 566 1428 624 id·

826 643 921 716 ipsum
940 637 1083 722 primitus,
1100 641 1131 692 ut
1146 634 1258 692 vireret
1270 643 1304 694 et
1319 653 1431 694 cresce-
1538 694 1539 700 ,

826 719 881 782 ret,
902 709 1049 769 animarit.
1073 710 1130 765 Nec
1153 707 1247 766 solum
1268 717 1432 780 resurgent

827 798 949 868 corpora
962 784 1100 852 qnantum
1112 778 1148 836 ad
1166 780 1302 836 membra
1319 781 1428 850 princi·

828 857 919 930 palia;
935 853 985 910 sed
1000 851 1086 910 etiam
1100 849 1188 908 saliis
1201 851 1371 922 capillis,et
1386 869 1431 908 re·
1538 833 1539 854 ¹

828 927 898 984 teris
913 923 1049 982 membris
1070 922 1107 980 ad
1130 924 1269 978 decorem
1292 923 1429 980 iacienti-

831 1002 891 1056 bus.
910 999 1068 1066 Resurgent
1087 995 1164 1050 enim
1180 993 1318 1050 homines
1333 1012 1429 1066 qnan-

829 1075 889 1128 tum
903 1069 939 1126 ad
950 1083 1023 1134 esse,
1036 1071 1064 1122 et
1077 1071 1215 1136 quantum
1229 1066 1266 1122 ad
1278 1065 1430 1138 integrum

830 1159 902 1210 csse,
917 1145 945 1196 et
969 1143 1107 1210 quantum
1132 1137 1168 1192 ad
1185 1137 1326 1194 decorum
1351 1155 1427 1194 esse.

816 1217 864 1270 'Et
878 1216 932 1270 hoc
946 1215 976 1267 in
988 1214 1131 1274 momento,
1144 1207 1172 1264 id
1189 1213 1232 1264 est
1245 1207 1276 1264 in
1290 1209 1428 1266 breuimi·

831 1301 877 1342 mo
896 1289 925 1340 et
943 1280 1142 1354 angustissimo
1162 1279 1254 1350 spatio
1270 1282 1428 1352 temporis,

831 1360 861 1412 in
872 1360 929 1411 ictu
941 1356 1024 1415 ocuti.
1038 1351 1085 1424 qui
1097 1352 1257 1408 transvolat
1272 1352 1385 1419 media,
1401 1361 1430 1410 et

832 1426 936 1484 transit
950 1425 986 1482 ad
999 1429 1120 1491 remota,
1133 1425 1164 1478 in
1178 1425 1334 1479 nouusimn
1346 1425 1427 1488 tubo.

833 1499 861 1556 id
874 1504 916 1556 e-t
930 1513 982 1570 per
1001 1509 1100 1552 rocem
1124 1510 1257 1565 magnam
1280 1501 1311 1550 et
1335 1495 1431 1553 mani·

833 1571 945 1638 lostam,
959 1574 1024 1641 post
1040 1581 1126 1638 quam
1145 1582 1202 1622 non
1217 1565 1272 1621 erit
1286 1566 1356 1623 alia.
1375 1570 1429 1625 Ge-

833 1648 879 1698 net
894 1645 965 1696 onim
985 1639 1052 1696 tuba
1067 1655 1074 1694 ι
1087 1639 1148 1694 haee
1160 1639 1229 1693 tuba
1243 1637 1357 1694 clamor
1380 1638 1430 1696 ille

834 1712 1013 1784 intelligitur,
1033 1709 1140 1780 dequo
1163 1709 1192 1765 in
1212 1710 1371 1780 Evangelio
1390 1711 1429 1767 di·

834 1788 927 1842 citur:
945 1783 1039 1840 Media
1053 1786 1129 1837 nocte
1142 1781 1246 1836 clamor
1261 1786 1360 1847 {actus
1375 1789 1427 1846 est,

834 1873 891 1912 ecca
918 1869 1035 1927 sponsus
1054 1856 1138 1916 uenit,
1155 1855 1230 1908 erite
1252 1853 1367 1908 obuium
1390 1857 1425 1912 ei.

835 1931 895 1985 Non
907 1927 983 1984 euim
1001 1931 1069 1982 tunc
1083 1923 1176 1980 reniet
1195 1939 1289 1980 cums
1332 1933 1426 1993 ratur;

835 1999 883 2056 sed
900 1998 993 2054 media
1008 2003 1100 2064 nocte,
1116 1995 1200 2050 idest
1214 2011 1284 2052 occu
1299 2005 1328 2053 te
1345 1997 1427 2052 valde

835 2077 863 2128 et
884 2070 1037 2140 insperate.
1061 2066 1147 2124 Tubae
1167 2066 1284 2123 nomine
1308 2067 1426 2140 aliquod

835 2139 953 2200 evidens
968 2145 996 2197 el
1015 2139 1185 2211 praeclarnm
1203 2137 1321 2206 signum
1347 2139 1426 2196 acci·

836 2214 922 2288 pitur.
936 2215 1011 2284 quod
1025 2219 1096 2268 nutu
1106 2208 1200 2266 divino
1213 2210 1347 2280 dabitur;
1360 2211 1427 2283 qnia

836 2293 864 2342 et
878 2281 1047 2354 Archangeli
1064 2297 1126 2350 vor,
1139 2280 1218 2346 alibi,
1231 2287 1259 2337 et
1270 2282 1360 2338 etiam
1373 2299 1427 2338 rox

837 2358 896 2416 Filii
913 2358 962 2414 Dei
978 2355 1008 2410 in
1029 2351 1180 2424 Evangelio
1198 2355 1268 2410 tuba
1287 2353 1337 2410 Dei
1358 2353 1427 2410 dici·

836 2437 892 2486 tur.
907 2430 940 2484 Et
959 2427 1039 2484 bane·
1051 2424 1153 2482 dicitur
1167 2425 1235 2480 tuba
1252 2428 1303 2480 tlea'
1317 2444 1325 2481 :
1343 2427 1426 2498 qirasi

837 2501 913 2558 enim
928 2499 964 2556 ed
979 2497 1084 2554 bellum
1101 2501 1202 2552 contra
1220 2495 1357 2553 inimicos
1383 2513 1427 2554 re·

837 2572 914 2639 niet;
928 2575 957 2627 et
969 2568 1126 2626 ellicacinm
1141 2567 1221 2624 dabit
1236 2567 1272 2636 ei,
1287 2569 1366 2641 quod
1375 2585 1427 2642 per

836 2643 915 2700 illam
930 2641 1034 2698 mortui
1049 2645 1210 2710 resurgant.
1228 2641 1285 2697 Vos
1298 2657 1370 2722 ergo
1387 2651 1424 2696 tu·

836 2715 891 2784 bre,
910 2712 1065 2770 secundum
1091 2711 1240 2783 quosdam,
1264 2717 1307 2768 est
1331 2727 1425 2795 impe·

836 2785 910 2844 rium
931 2783 1036 2842 Christi
1058 2798 1211 2853 resurgere
1231 2785 1422 2854 imperantis;

836 2857 993 2914 secundnm
1020 2855 1093 2912 alios
1116 2869 1183 2910 vero
1207 2859 1252 2911 est
1269 2856 1423 2912 manifesta
1466 2867 1471 2880 ·

836 2927 942 2986 Christi
963 2929 1114 3000 apparitio.

872 3005 888 3056 6
902 3002 1047 3056 hausurus
1061 2999 1169 3054 canisii
1185 3015 1296 3055 runicis.
1309 2999 1423 3055 -Post

837 3070 1085 3128 Resurrectionem
1110 3085 1177 3126 vero
1197 3070 1293 3126 statim
1315 3069 1371 3126 erit
1382 3071 1424 3142 ju·

835 3143 951 3200 dicium.
968 3141 1026 3198 Erit
1040 3147 1136 3198 autem
1148 3140 1176 3196 iu
1187 3142 1260 3198 ualle
1272 3143 1422 3214 iosaphat,

836 3231 899 3286 quae
916 3214 972 3270 sita
987 3216 1073 3270 estad
1089 3213 1244 3282 Orientem,
1255 3211 1423 3270 interii-ru·

836 3289 924 3344 salem
940 3291 969 3342 ct
984 3289 1109 3342 montem
1124 3284 1225 3342 Oliveti
1240 3303 1248 3340 :
1262 3285 1330 3356 quia
1344 3286 1423 3342 leru-

836 3359 922 3415 salem
949 3363 1028 3414 terra
1049 3357 1184 3428 adjacens
1206 3361 1250 3413 est
1265 3355 1346 3412 locus
1363 3371 1422 3412 me·

836 3429 899 3487 dius
916 3429 1075 3485 communis
1092 3427 1226 3485 omnibus
1245 3426 1421 3497 nationibus,

836 3517 869 3559 ac
885 3500 1100 3569 tamosissimus,
1117 3507 1144 3556 et
1159 3499 1291 3572 publicus
1305 3505 1423 3570 propter

836 3589 924 3646 opera
939 3577 1044 3629 nostrae
1056 3571 1270 3644 redemptionis.
1284 3571 1423 3642 iosaphat

835 3649 930 3701 antem
939 3643 1142 3716 interpretetur
1149 3643 1291 3712 iudicium
1302 3645 1421 3698 Domini.

836 3717 878 3774 hd
888 3714 1030 3789 judicium
1049 3731 1118 3786 crgo
1142 3713 1253 3771 Domini
1268 3729 1424 3784 congrega·

838 3790 944 3844 buntur
958 3802 1057 3843 omncs
1073 3784 1165 3858 impii,
1182 3791 1213 3842 ut
1228 3785 1419 3852 damnentur;

833 3859 903 3942 insti
919 3875 987 3916 vero
1010 3873 1068 3914 non
1088 3857 1261 3914 descendent
1275 3856 1306 3912 in
1321 3855 1421 3912 vallem

833 3929 933 4004 judicii
948 3935 977 3986 ut
991 3929 1173 3996 damnentur,
1188 3928 1238 3984 sed
1254 3927 1283 3983 in
1299 3927 1422 3984 nubibus

836 4004 946 4059 obuiam
964 4003 1071 4060 Christo
1090 4003 1120 4055 in
1137 4017 1203 4055 uero
1222 3999 1421 4056 elevabuntur.

837 4073 964 4131 Christus
980 4072 1056 4130 enim
1073 4087 1131 4128 uon
1146 4072 1301 4128 descendet
1320 4070 1350 4126 in
1364 4077 1421 4126 ter·

836 4161 899 4202 rain
912 4145 948 4202 ad
961 4143 1107 4216 iudicium,
1122 4143 1172 4200 sed
1187 4147 1216 4199 iu
1231 4159 1298 4199 aere
1311 4139 1421 4199 sedebit

837 4223 937 4274 contre
952 4217 1045 4273 locum
1067 4217 1173 4272 montis
1189 4213 1301 4282 Olireti,
1319 4229 1352 4268 rx
1366 4227 1421 4296 quo

836 4287 974 4355 ascendit,
991 4285 1113 4358 stipatus
1128 4284 1291 4358 agminibus
1307 4290 1336 4341 et
1356 4287 1421 4364 ilir-

836 4361 944 4418 tutibus
960 4358 1109 4417 coelorum.
1122 4359 1155 4416 Rt
1170 4359 1225 4414 erit
1236 4355 1377 4433 judicium
1392 4353 1422 4414 tl·
