2974 5040
197 445 243 500 lit
538 441 697 494 succutiat
723 437 843 493 Plfltts
870 439 973 493 ultus
1001 440 1084 494 tltlt

197 551 295 612 anima
316 563 391 618 mea,
413 543 507 604 vidisti
534 551 563 603 et
588 546 706 603 miserta
731 561 775 614 es;
805 559 808 587 t
834 547 910 601 mota
937 553 981 602 est
1023 562 1064 604 raa
1090 548 1214 604 horrore
1236 546 1409 619 ignominio-

195 627 316 684 nuncet
336 619 515 692 majestatem
532 619 594 692 ejus
607 617 732 682 attende,
749 621 778 673 et
833 632 872 673 sm
890 617 988 673 mortis
1001 561 1114 676 Euristo
1137 618 1267 688 inflictas,
1287 619 1325 675 ad
1338 617 1411 676 desl-

194 692 356 754 mirabcris.
374 690 470 760 Qualis
493 693 537 747 est
562 689 618 760 bic,
636 689 703 762 quia
720 705 777 745 cm·
834 689 977 756 sanandum
991 691 1067 760 quod
1079 692 1168 748 corda
1178 697 1296 748 terrena
1309 690 1410 746 christu

193 767 253 826 lum
274 773 303 824 ct
320 769 398 821 terra
416 761 626 836 compatiuntur
644 761 681 832 ei,
697 761 778 832 cujus
833 759 953 816 Domino
972 761 1158 833 compatienti
1176 763 1283 819 debent
1297 761 1411 833 compati

193 843 223 896 et
244 853 323 895 mors
345 839 475 892 mortuos
498 832 647 891 rivillcat‘l
662 853 676 886 n
698 833 777 890 Unde
832 835 860 888 et
874 832 936 904 ejus
952 831 1083 890 strictum
1093 833 1237 906 judicium
1252 833 1410 890 formidare.

193 915 223 968 et
236 909 414 976 Anpusta'nus
432 929 438 963 ι
459 929 470 955 ι
490 905 667 978 Quamquam
681 911 778 962 autem
832 903 1411 972 Quodautemtremuitinresurrectione,

193 985 225 1038 tu
243 978 416 1038 'udicerisut
427 975 778 1060 malellcus,'crucissgaris
832 975 887 1032 hoc
905 974 1037 1046 designat
1058 976 1204 1048 quoddam
1224 975 1351 1048 speciale
1369 975 1411 1032 tri·

193 1058 225 1110 ut
238 997 399 1124 luctuosus
413 1054 441 1108 et
455 1047 578 1131 impius;
594 1064 725 1122 quamvis
739 1049 776 1104 ri·
831 1045 960 1119 pudium.
978 1062 1034 1119 quo
1061 1047 1154 1130 omnis
1180 1055 1319 1130 creatura
1338 1048 1413 1106 debet

192 1122 288 1182 dearis
302 1124 387 1180 aDeo
406 1121 570 1190 derelictus,
594 1137 653 1178 non
670 1120 778 1178 desunt
833 1117 1013 1190 congaudere
1030 1119 1142 1177 Christo
1158 1127 1333 1192 resurgentu,
1349 1127 1411 1176 nont

192 1194 342 1264 mmcula,
357 1210 416 1251 non
432 1193 513 1251 deest
531 1191 668 1249 virtutum
686 1193 777 1250 abun·
832 1189 919 1246 etiam
942 1205 1089 1262 compassa
1117 1190 1171 1248 luit
1194 1191 1309 1248 cbristo
1333 1193 1411 1248 mori·

195 1265 303 1325 dantia.
319 1286 334 1319 η
352 1264 431 1323 Unde
446 1265 531 1322 ctiam
546 1265 753 1334 chrysostomus
768 1282 777 1320 ε

197 1360 212 1392 a
225 1339 344 1396 intende
354 1341 459 1410 quanta
471 1335 552 1464 sizna
561 1335 689 1394 Christus
701 1333 777 1405 iecit,

193 1410 248 1469 hoc
260 1409 374 1484 quidem
384 1407 494 1478 acoelo,
523 1423 557 1464 oc
572 1413 667 1465 autem
678 1407 708 1464 in
720 1412 777 1463 ter·

194 1498 238 1552 ra,
253 1483 307 1540 hoc
324 1486 419 1540 autem
434 1480 464 1537 in
480 1482 540 1553 ipso
554 1479 677 1552 templo,
694 1478 777 1535 simul

193 1552 310 1628 quidem
343 1551 504 1626 angustiam
540 1567 620 1608 suam
657 1549 777 1607 demon·

192 1629 298 1682 strans.
314 1627 426 1682 Etenim
438 1624 488 1679 irae
500 1619 550 1678 Dei
566 1637 677 1689 magnae
693 1625 776 1678 crant

193 1711 257 1768 que
270 1696 388 1763 fiebant,
402 1699 430 1750 et
439 1709 497 1750 non
509 1690 675 1774 simpliciter
683 1691 775 1764 signa,

192 1767 242 1824 sed
257 1771 285 1822 et
303 1766 407 1823 luroris
427 1764 509 1836 signa
527 1779 658 1820 universa
672 1769 773 1822 erant:

192 1838 331 1906 tenebrae,
347 1835 444 1894 scissae
459 1841 558 1908 petre,
573 1833 667 1918 velum
682 1835 771 1892 medi·

191 1924 241 1968 um
254 1909 385 1972 scissum.
404 1913 489 1965 terrae
503 1923 664 1977 concussio,
678 1923 776 1965 monu-

191 1989 355 2040 mentorum
373 1979 495 2054 apertio,
513 1983 542 2037 et
569 1979 666 2038 multae
685 1995 774 2052 angu-

192 2053 255 2112 stiae
277 2053 540 2128 superabundantia
567 2055 651 2110 erat:
673 2071 687 2104 u
713 2052 775 2108 hacc

194 2127 410 2198 concessamus.
427 2127 448 2184 0
464 2127 603 2198 quantum
624 2123 670 2195 pia
684 2128 776 2180 mater

194 2199 256 2281 ejus
269 2203 338 2256 ωηο
356 2197 482 2266 dolebat,
498 2196 613 2270 quando
628 2194 691 2252 fleri
714 2195 775 2277 haec

195 2269 328 2326 rudebatl
345 2269 425 2326 Unde
441 2270 642 2337 Aupnstinns:
661 2286 675 2320 ο
690 2267 774 2339 Cogu-

195 2343 256 2398 tare
276 2339 346 2398 libet
364 2344 489 2412 quantus
507 2339 588 2394 dolor
609 2343 676 2394 tunc
690 2337 775 2395 luerit

194 2409 290 2479 matri,
307 2425 372 2467 cum
387 2409 427 2466 sic
442 2409 586 2480 dolebant,
601 2425 664 2480 quae
680 2408 774 2466 insen·

196 2479 291 2538 sibilia
307 2485 398 2537 erant.
420 2482 480 2536 Non
499 2478 596 2550 lingua
618 2479 706 2551 loqui,
722 2497 774 2538 nec

194 2567 276 2610 mens
290 2549 416 2623 cogitare
429 2548 544 2620 valebit,
558 2555 664 2622 quanto
675 2550 774 2609 dolore

195 2623 346 2680 tenebatur
360 2629 427 2679 tnnc
441 2619 540 2680 anima
552 2619 649 2680 Maria
665 2639 672 2679 :
686 2643 701 2674 n
713 2623 775 2681 haec

192 2693 379 2765 Anpnstr’nus.

228 2789 244 2840 7
260 2767 379 2824 illusncn
394 2783 452 2824 nnc
469 2783 549 2825 siena
567 2785 646 2825 nruun
661 2786 689 2826 ru
703 2786 774 2826 cou-

191 2853 324 2924 vsnsronu
343 2854 513 2922 rncmroars.
531 2872 560 2881 -
572 2840 697 2924 llystiuce,
714 2841 775 2898 baec

190 2911 773 3067 tttttttltb„ltlttllttttttttz

193 3053 243 3112 Der
255 3070 360 3184 <puppe
369 3055 507 3139 templum
518 3056 772 3128 estttdelisanrma,

192 3127 270 3202 cujus
293 3144 326 3185 ve
339 3143 388 3186 um
410 3127 551 3186 scrnditur
568 3129 681 3201 quando
697 3129 773 3185 vela·

191 3215 259 3258 men
279 3199 438 3276 hypocrisis
457 3205 486 3256 et
500 3199 651 3274 cujuslibet
664 3198 772 3273 peccati

190 3271 356 3345 dissipatur.
375 3271 453 3330 Sicut
474 3271 551 3329 enlm
572 3271 665 3330 velum
686 3271 773 3345 impe·

191 3342 288 3402 diebat
302 3359 338 3400 ne
357 3343 447 3400 rideri
462 3347 579 3414 possent
591 3350 689 3400 sancta
703 3349 773 3402 tem·

190 3413 229 3485 pli
237 3431 245 3484 ;
261 3413 303 3471 sic
317 3419 465 3486 peccatum
479 3412 597 3487 impedit
609 3431 646 3472 ne
658 3413 773 3472 ridean-

189 3489 238 3542 tur
264 3489 374 3542 sancta·
390 3482 528 3556 paradisi,
556 3486 632 3557 quod
662 3491 770 3559 tamen,

188 3559 326 3628 qnantum
340 3554 377 3612 ad
397 3553 609 3626 sufficientiam,
624 3555 679 3612 luit
692 3571 771 3616 amo·

187 3629 247 3683 tum
281 3643 311 3684 er
323 3632 445 3685 mortem
455 3625 570 3685 Christi.
583 3628 682 3686 Velum
693 3629 771 3688 enim

186 3642 284 3772 templi
299 3699 419 3758 scissum
439 3699 504 3782 luit,
520 3697 678 3773 insignum
694 3703 770 3774 quod

182 3784 233 3840 per
252 3775 373 3828 mortem
395 3771 499 3830 Christi
511 3771 643 3840 ablatum
660 3779 704 3830 est
716 3772 768 3830 im·

181 3839 376 3924 pedimentum
397 3844 473 3917 quod
498 3859 551 3902 nos
570 3851 680 3902 secreta
694 3861 765 3917 gau·

140 3960 144 3968 .
179 3911 218 3995 du
241 3913 364 3985 paradisi
386 3915 532 3992 prohibuit
558 3917 762 3990 contemplarl3

177 3990 250 4042 sicut
274 3983 369 4042 velum
389 3985 538 4059 operiebat
561 3995 672 4046 secreta
685 3999 772 4044 tem--

175 4055 223 4139 pli.
244 4058 332 4114 Terra
358 4063 500 4140 movetur,
515 4057 544 4114 in
559 4061 668 4132 peccati
684 4076 763 4117 reco-

174 4128 324 4201 gitatione,
350 4133 379 4186 et
401 4145 454 4202 per
478 4135 612 4187 tumorem
628 4147 760 4201 compun-

174 4199 277 4260 ctionis
291 4200 430 4270 internae,
446 4203 474 4257 et
491 4201 605 4274 quando
618 4217 670 4274 pcr
682 4217 759 4260 com-

176 4274 336 4342 passionem
358 4270 459 4330 mortis
485 4271 588 4330 Christi
611 4279 758 4332 terrenum

832 1260 891 1317 enti
908 1278 915 1317 :
931 1261 1006 1318 unde
1029 1263 1137 1334 primus
1152 1269 1265 1320 tremor
1287 1262 1412 1336 designat

833 1337 941 1390 metum
963 1339 993 1390 et
1018 1339 1176 1403 terrorem;
1199 1334 1346 1392 secundus
1368 1351 1411 1392 au·

833 1407 891 1461 tem
910 1403 1045 1476 gaudium
1065 1409 1094 1462 ct
1112 1405 1346 1464 exsultationem.
1365 1408 1412 1462 Pe-

832 1483 886 1534 trae
898 1476 1067 1534 scinduntur
1077 1476 1108 1533 in
1121 1477 1308 1546 contritione,
1323 1483 1354 1534 et
1368 1494 1411 1549 per

833 1547 962 1614 dolorem
987 1549 1168 1606 contritionis
1195 1548 1226 1606 in
1253 1549 1364 1619 corde,
1390 1555 1413 1606 et

833 1620 947 1692 quando
969 1619 1075 1676 duritia
1093 1620 1187 1678 cordis
1207 1636 1261 1694 per
1283 1620 1413 1692 pietatem

833 1692 976 1748 emollitur
995 1691 1209 1763 compassionis.
1227 1694 1324 1750 Petrae
1345 1693 1413 1750 enim

832 1763 928 1820 scissa
951 1768 1028 1832 sunt,
1050 1765 1086 1821 ad
1112 1763 1325 1836 designandum
1344 1765 1414 1838 quod

832 1835 919 1892 conda
937 1833 1050 1906 lapidea
1066 1840 1094 1892 et
1115 1837 1197 1906 dura,
1213 1852 1266 1908 per
1286 1837 1413 1894 dolonem

832 1907 1021 1976 contritionis,
1041 1911 1069 1964 et
1085 1907 1192 1964 intimae
1206 1905 1414 1980 compassionis

832 1977 922 2034 scindi
945 1978 1060 2036 debent.
1077 1981 1262 2036 Monumenta
1284 1979 1415 2052 aperiun-

830 2053 888 2118 tur,
907 2049 936 2106 in
952 2049 1141 2121 consessione,
1161 2055 1190 2107 et
1209 2066 1260 2123 per
1276 2053 1415 2122 pudorem

831 2120 1018 2178 consessionis
1032 2120 1062 2178 in
1076 2139 1136 2192 ore,
1148 2127 1176 2178 et
1191 2125 1309 2194 quando
1320 2123 1414 2190 lmtsr,

831 2192 880 2262 qul
896 2193 971 2250 intus
994 2193 1073 2258 latet,
1090 2194 1164 2251 loras
1190 2209 1242 2266 per
1262 2209 1296 2250 os
1311 2195 1413 2277 prodit.

831 2265 935 2321 Mortui
949 2270 1112 2339 resurgunt,
1127 2265 1157 2322 in
1177 2265 1322 2338 spirituali
1348 2269 1414 2322 riri-

831 2336 976 2405 llcatione,
992 2343 1021 2393 et
1036 2353 1088 2410 per
1102 2338 1230 2394 laborem
1246 2337 1414 2394 satisfactio

831 2407 876 2464 nis
890 2407 920 2465 in
934 2424 1031 2480 opere,
1047 2416 1075 2465 et
1088 2411 1204 2482 quando
1220 2409 1336 2466 adboni
1353 2427 1414 2482 ope

830 2479 871 2536 ris
889 2479 1044 2537 exercitum
1071 2481 1209 2538 excitatur
1234 2497 1354 2538 somnus
1379 2481 1415 2554 pi·

831 2551 939 2634 gritiae3
950 2556 978 2608 et
990 2559 1128 2679 apparent
1141 2554 1170 2609 in
1179 2557 1280 2610 sancta
1290 2553 1414 2620 civitate,

830 2640 861 2679 un
872 2625 976 2680 animae
990 2623 1008 2679 il
1021 2624 1247 2682 uminetione.ln
1261 2625 1332 2681 born
1344 2641 1414 2681 rnor-

831 2698 867 2751 tis
881 2701 942 2764 tna,
953 2698 1077 2761 Domine,
1091 2699 1181 2752 celum
1192 2699 1291 2768 tempti
1299 2699 1414 2752 scissus

831 2773 890 2823 est:
907 2784 972 2837 rupo
991 2775 1025 2835 te,
1044 2771 1125 2837 anser
1143 2771 1267 2825 uelamen
1287 2771 1414 2838 ipsoram

831 2842 876 2895 tte
890 2840 923 2895 de
941 2840 1021 2896 corde
1035 2855 1103 2910 meo,
1118 2841 1274 2897 strideant
1289 2841 1415 2896 animata·

832 2915 883 2967 tem
894 2917 970 2968 tuam
982 2917 1008 2968 et
1015 2928 1074 2968 earn
1083 2928 1162 2982 opere
1167 2915 1322 2985 perficium.
1331 2914 1413 2968 uere

830 2985 1011 3040 contremuit:
1025 2984 1062 3040 do
1072 2985 1152 3048 mibi,
1163 2985 1283 3056 obsecro,
1295 2987 1347 3056 qni
1356 2998 1413 3038 suan

830 3058 914 3122 terra,
930 3061 956 3111 et
970 3057 1040 3112 cinis
1053 3072 1144 3112 coram
1159 3063 1185 3112 te
1198 3062 1283 3124 stare,
1296 3072 1360 3112 eron
1375 3073 1414 3110 co·

829 3131 870 3182 stc
891 3129 988 3183 timore
1005 3133 1032 3184 et
1049 3129 1201 3184 cernentia
1218 3129 1413 3198 illiciantque

829 3213 916 3254 meam
934 3201 1051 3256 salntem
1068 3217 1128 3256 cum
1144 3202 1240 3256 timore
1259 3205 1285 3256 et
1300 3205 1413 3254 tremori·

829 3273 948 3342 operari.
955 3274 1042 3328 Petra
1049 3274 1141 3328 scissa
1147 3277 1212 3328 sunt
1224 3290 1233 3327 .·
1246 3271 1284 3326 dn
1293 3273 1377 3339 mitri,
1386 3275 1413 3324 ut

829 3343 969 3414 lapideam
984 3360 1030 3400 cor
1045 3349 1090 3400 tuo
1104 3344 1251 3400 scindmnr
1266 3344 1413 3408 timor-ut

828 3416 941 3470 inntens
960 3416 1089 3472 ardenter
1107 3432 1125 3471 c
1144 3421 1169 3472 tc
1183 3431 1272 3471 rorent
1288 3427 1414 3486 superna

829 3487 1027 3544 benedictionis
1042 3489 1172 3560 accipiat,
1195 3491 1221 3543 et
1241 3487 1296 3544 tibi
1309 3486 1414 3556 perini-

826 3563 872 3614 nct
889 3561 1012 3628 fructu-m
1029 3562 1102 3615 cita.
1120 3561 1300 3616 monumento
1314 3560 1413 3630 operto

826 3637 900 3695 sunt,
912 3636 937 3685 et
946 3633 1035 3687 multu
1047 3647 1162 3702 corpora
1175 3631 1355 3696 Sanctorum,
1366 3627 1415 3700 qui

826 3701 1003 3768 dormierant,
1020 3708 1225 3759 sarrensi-unt:
1247 3702 1298 3766 da,
1311 3714 1414 3773 qnae,

825 3775 946 3842 Domine,
965 3776 1063 3831 anima
1087 3789 1153 3831 mea
1167 3790 1185 3830 o
1199 3775 1347 3846 sepulture
1368 3785 1414 3826 re·

823 3851 1191 3975 ωὲρέηῖοξῑξηῖιοέωὲἕὲητηη
1219 3936 1284 3975 esse
1315 3920 1413 3975 urum

821 3989 872 4045 Ilm
888 4006 1064 4046 concurr-mun.
1081 4021 1113 4032 ··
1136 3993 1202 4048 Viso
1216 3997 1310 4046 autern
1334 3997 1414 4046 terra

819 4067 894 4118 motu
909 4063 989 4118 ethis
1007 4078 1067 4132 quae
1077 4062 1190 4132 fiebunt,
1206 4061 1318 4119 scillcet
1328 4067 1372 4118 lot
1388 4065 1415 4115 sl

819 4139 877 4190 tam
893 4131 1020 4190 mirificis
1031 4131 1121 4204 signis
1131 4133 1160 4188 in
1172 4133 1314 4192 Passione
1328 4132 1413 4190 Chri·

817 4203 865 4275 sti,
875 4204 951 4262 inter
964 4221 1029 4276 quae
1041 4204 1129 4261 etiam
1144 4204 1197 4262 luit
1212 4209 1280 4277 qnia
1292 4209 1337 4262 stc
1352 4206 1413 4262 cto-

816 4291 895 4333 mons
916 4293 983 4333 voce
998 4291 1113 4350 magna,
1130 4275 1185 4334 cito
1199 4283 1228 4334 et
1241 4284 1348 4360 sponte
1363 4291 1414 4332 et·

175 4345 347 4405 desiderium
370 4343 400 4402 in
424 4359 552 4403 amorem
567 4350 759 4405 commutatur
812 4350 934 4420 pirasset
959 4349 1086 4412 Centurio
1115 4350 1166 4419 pua·
1187 4348 1414 4408 crucifixoribus

175 4417 341 4480 coelestium.
362 4419 450 4478 Terra
467 4416 546 4477 enim
569 4417 697 4492 tremuit,
727 4423 756 4478 et
816 4425 941 4493 praeerat
958 4435 992 4479 ac
1008 4435 1072 4478 cca
1093 4433 1170 4478 uerso
1184 4421 1290 4494 stabnt,
1308 4427 1337 4478 et
1351 4417 1414 4477 mi-
