2974 5040
269 411 306 465 nl
334 410 482 467 SECUNDO
508 411 742 467 cobrtbtollo
769 413 800 466 lt
831 412 994 468 rtsswttt
1022 411 1143 467 bodini.
1280 417 1319 470 llil

77 517 215 596 montem
241 514 388 582 Calcaria,
408 532 441 573 ac
464 517 557 576 locum
582 519 677 590 sepul-

77 589 153 649 chri,
172 593 204 642 et
221 587 314 644 multa
327 587 391 644 loca
407 603 502 657 sacra;
519 589 548 646 in
562 605 619 663 qua
632 607 676 648 se-

76 657 242 731 pulchrum
267 659 380 716 Domini
403 667 446 716 est
471 661 547 718 intra
577 677 677 733 quam-

76 731 146 786 dam
164 731 277 788 cellam
296 731 448 788 rotundam
464 732 588 800 pulchris
603 733 677 806 lapi·

739 519 858 576 Domino
873 516 942 590 pati,
958 521 985 575 et
999 517 1075 575 velut
1092 519 1198 578 mundo
1213 521 1322 580 crucili-

738 592 765 661 gi
781 605 897 660 necesse
912 593 969 656 est;
985 588 1015 646 in
1030 590 1152 661 septima
1168 608 1235 650 vero
1251 600 1321 652 seta·

736 667 774 730 te,
788 661 874 720 idest
888 677 952 720 cum
966 661 1035 718 lethi
1049 661 1113 733 quis
1124 663 1250 723 debitum
1264 665 1321 722 sol-

737 735 786 802 vit,
803 749 923 806 corpora
947 732 1062 806 quidem
1076 732 1106 792 in
1121 735 1247 806 tumulis,
1262 735 1322 794 ani·

75 800 164 858 dibus
180 808 392 860 constructam.
405 806 470 860 llaec
482 803 622 877 siquidem
634 821 678 862 ec·
705 826 707 867 ι
737 821 798 862 mas
812 811 909 862 autem
922 810 1032 862 secreta
1045 806 1074 862 in
1087 821 1167 878 pace,
1191 823 1256 865 cum
1270 809 1322 866 Do·

77 872 169 930 clesia
189 874 337 932 Dominici
361 874 504 947 sepulchri
523 881 566 934 est
584 877 676 934 Patri·

77 945 221 1015 archalis,
245 949 275 1002 et
293 945 361 1003 olim
385 948 508 1004 babebat
526 949 676 1006 canonicos

77 1016 235 1087 regulares
247 1017 422 1145 etpriorem,
433 1020 587 1077 secundum
598 1021 676 1078 babi-

80 1091 141 1144 tum
158 1096 189 1145 et
206 1105 281 1162 regu
294 1105 341 1146 am
360 1089 450 1147 sancti
465 1091 613 1172 Augnstini
633 1091 674 1148 vi·

736 876 813 934 mino
833 892 961 940 manere,
980 881 1089 950 etpost
1112 878 1188 937 bona
1211 883 1323 952 eportet

736 963 824 1020 opera
838 951 984 1019 quiescere
996 965 1004 1018 ;
1031 947 1123 1006 donec
1136 955 1236 1008 octava
1257 955 1323 1008 tan·

736 1019 801 1077 dern
816 1019 946 1076 veniente
972 1023 1066 1086 etate,
1096 1019 1182 1077 etiam
1201 1036 1323 1094 corpora

734 1090 796 1164 ipsa
825 1090 1035 1148 resurrectione
1060 1091 1228 1162 glorillcata.
1258 1107 1323 1152 cum

79 1163 197 1228 ventes,
210 1161 322 1231 quibus
338 1161 400 1219 loco
416 1163 537 1220 Abbatis
552 1161 676 1220 Patriar·
704 1181 707 1226 t
735 1163 885 1220 animabus
896 1161 979 1219 simul
992 1163 1235 1235 incorruptionem
1242 1169 1325 1222 ater-

81 1229 135 1287 cha
156 1237 301 1303 praeerat,
331 1235 376 1290 cui
405 1233 458 1290 soli
483 1234 676 1292 obedientiam

81 1303 309 1372 promittebant.
322 1306 387 1362 llaec
397 1303 517 1362 ecclesia
528 1304 602 1364 iuter
612 1323 677 1364 san·

81 1379 127 1454 cta
146 1380 177 1431 et
201 1375 383 1432 venerabilia
402 1377 475 1444 loca,
495 1393 553 1434 non
573 1377 674 1435 iinme-

82 1451 137 1500 nlo
168 1445 289 1504 obtinet
317 1447 517 1520 principatum,
541 1447 570 1504 in
594 1453 674 1521 cujus

85 1513 148 1573 loco
163 1522 227 1574 tarn
246 1533 353 1590 magna
374 1525 403 1576 et
424 1522 497 1578 mira
512 1537 562 1592 per
578 1520 676 1580 Domi·

81 1601 152 1645 uum
168 1593 241 1646 sunt
257 1590 333 1648 lacta
348 1595 376 1648 et
393 1597 516 1649 ostensa.

115 1681 131 1731 7
151 1662 247 1720 Fama
268 1679 369 1732 surra,
390 1679 445 1726 nna
463 1665 595 1723 Cumanos
609 1682 678 1724 uon·

81 1745 148 1788 runs
162 1751 197 1790 nr
220 1751 359 1792 serucrns
384 1751 442 1805 aar,
464 1753 625 1796 vvsranruu.
644 1769 678 1780 ·-

82 1803 117 1858 Et
129 1805 192 1886 dior
208 1813 272 1863 erat
287 1809 460 1876 Parasceues,
477 1807 558 1866 idest
567 1825 678 1892 praepa·

82 1875 215 1944 rationis,
236 1877 348 1936 scilicet
367 1885 445 1936 sexta
468 1879 549 1946 teria,
565 1897 595 1938 ιιι
622 1897 679 1954 qua

83 1949 327 2031 praeparabantur
341 1949 391 2006 illa
413 1967 477 2023 qnae
504 1950 533 2007 in
559 1953 677 2012 sabbato

86 2021 197 2077 comedi
210 2022 374 2090 debebant;
390 2027 416 2078 et
429 2024 574 2084 sabbatum
584 2027 678 2082 iliaca·

84 2093 185 2170 sabat,
198 2093 269 2164 quia
280 2109 400 2164 vespera
409 2095 446 2151 ad
458 2096 608 2152 sabbatum
616 2113 678 2169 per-

87 2165 178 2220 uncus
191 2166 332 2234 instabat,
343 2181 360 2222 a
373 2181 428 2236 qua
441 2166 604 2224 solemnitas
616 2170 677 2228 sab·

87 2233 145 2314 bati
163 2235 333 2308 incipiebat.
351 2236 402 2294 Ubi
419 2237 583 2308 sciendum,
600 2241 677 2312 quod

86 2311 158 2363 sicut
175 2310 265 2390 bomo
279 2314 359 2366 sexta
373 2307 444 2367 teria
458 2315 570 2367 creatus
581 2318 634 2380 est,
650 2317 678 2370 et

88 2387 233 2502 Baccara&
249 2379 293 2438 sic
305 2382 434 2438 Cbristus
448 2387 527 2438 sexta
540 2381 610 2440 teria
627 2400 676 2453 pro

107 2465 201 2508 omine
216 2457 411 2522 mortuusest,
427 2458 455 2510 et
463 2452 610 2512 satislecitu
623 2457 676 2512 Un-

88 2519 163 2602 de'et
176 2523 271 2582 dixit:
294 2525 514 2582 consummatum
530 2531 581 2594 est,
606 2543 677 2599 opus

89 2591 193 2651 scilicet
209 2595 411 2667 recreationis,
428 2595 502 2655 sicut
516 2596 615 2654 eadem
632 2598 677 2658 die

90 2673 320 2747 consummatum
336 2667 390 2725 luit
409 2683 481 2740 opus
502 2668 676 2740 creationis;

90 2737 115 2787 et
139 2744 213 2795 sicut
231 2741 354 2798 sabbato
373 2739 512 2810 requievit
540 2741 576 2798 ab
600 2743 676 2800 omni

90 2818 173 2875 opere
188 2826 254 2876 suo,
277 2809 317 2868 sic
332 2811 452 2868 sabbato
467 2810 573 2882 quievit
588 2813 616 2869 in
631 2829 677 2870 se·

91 2878 215 2946 pulchro,
229 2881 259 2939 in
275 2883 387 2956 signum
400 2882 477 2954 quod
491 2883 521 2939 in
532 2884 586 2941 hac
600 2889 678 2942 sexta

92 2951 171 3007 aetate
186 2969 239 3036 pro
255 2970 291 3012 eo
311 2954 435 3036 operari,
459 2959 488 3036 ct
505 2955 563 3028 pati
591 2955 677 3014 debe·

93 3031 161 3091 mus,
177 3033 210 3081 ut
225 3043 255 3083 in
268 3031 391 3098 septima
402 3041 466 3084 cum
482 3042 541 3098 ipso
552 3026 679 3098 quiesca-

93 3103 171 3170 mus,
186 3095 281 3156 donec
294 3097 323 3153 in
339 3103 447 3170 octava,
467 3101 599 3156 veniente
617 3101 677 3172 glo·

95 3175 135 3218 ua
158 3167 396 3248 llesurrectionis,
422 3185 486 3226 cum
515 3171 575 3241 ipso
594 3170 678 3228 simul

95 3235 193 3301 gaudio
206 3242 398 3313 perfruamur.
411 3241 586 3299 Undeliedd:
602 3263 617 3296 (ι
629 3244 679 3300 Pa-

96 3317 205 3367 rasceve
222 3314 332 3382 Graece,
351 3312 445 3370 Latine
456 3317 624 3385 preparatio
636 3313 679 3372 in-

96 3377 276 3455 terpretatur,
295 3401 351 3456 quo
375 3385 490 3442 nomine
512 3386 613 3456 Judaei,
631 3386 677 3458 qui

97 3453 168 3505 inter
181 3454 295 3513 Graecos
308 3458 560 3526 conversabantur,
570 3463 676 3515 sertam

98 3519 212 3596 sabbati,
227 3544 292 3600 quae
302 3544 377 3584 nunc
391 3544 408 3584 a
422 3530 504 3587 uobis
517 3535 595 3587 sexta
607 3531 678 3588 teria

98 3599 219 3666 vocatur,
233 3600 416 3672 appellabant
433 3618 440 3668 ;
456 3601 575 3674 eoquod
590 3599 677 3659 inillo

101 3659 133 3716 ab
145 3679 230 3738 opere
244 3687 295 3728 suo
308 3671 447 3742 requievit
461 3673 545 3740 Deus,
560 3673 634 3730 unde
650 3677 677 3730 et

101 3727 169 3811 hanc
182 3743 342 3824 sabbatum,
357 3743 386 3799 id
402 3747 445 3801 est
456 3743 583 3816 requiem
598 3761 678 3802 voca·

100 3815 274 3886 ttpcaecepit.
299 3817 385 3872 Recto
412 3814 550 3872 Dominus
577 3815 677 3877 eadem

100 3870 227 3963 tileberia
239 3887 400 3954 crucifixus,
415 3887 547 3943 humauae
563 3901 677 3958 repara·

101 3945 178 4031 lionis
193 3959 317 4028 implevit
329 3973 480 4026 arcannm;
500 3957 618 4016 sabbato
632 3976 679 4016 au-

102 4015 193 4101 temnrn
207 4031 356 4108 sepulchro
371 4029 563 4100 requiescens,
578 4031 678 4088 Resur-

104 4095 240 4166 rectionis,
256 4117 321 4170 ona
336 4107 436 4158 octava
451 4101 498 4158 die
513 4105 632 4158 ventura
647 4118 677 4159 e·

103 4161 153 4228 iii,
171 4175 346 4247 epspcctabat
369 4179 511 4230 eventurn.
530 4173 611 4230 Unde
625 4190 678 4230 no·

105 4231 166 4312 stra
181 4243 261 4299 simul
272 4243 430 4302 devotionis
442 4261 475 4302 ac
488 4245 579 4301 beatae
594 4244 677 4302 retri-

107 4293 223 4392 butionis
235 4317 367 4384 praelucet
381 4316 551 4387 erevnplum,
564 4331 636 4387 quos
648 4315 679 4374 in

125 4383 154 4429 tt
173 4383 283 4448 quidam
308 4393 385 4445 sexta
400 4387 499 4445 mundi
514 4393 598 4446 aetate
625 4403 678 4462 pro

736 1251 780 1292 nae
797 1233 963 1291 hereditatis
988 1233 1140 1306 accipiant.
1161 1235 1242 1294 Unde
1263 1235 1323 1306 pul·

735 1308 803 1364 obre
816 1308 937 1378 septima
951 1305 1012 1364 dies
1025 1305 1164 1365 inGenesi
1177 1322 1324 1376 vesperam

736 1377 869 1435 babuisse
890 1394 947 1434 uon
973 1375 1078 1451 legitur
1097 1395 1104 1436 :
1124 1378 1191 1449 quia
1213 1378 1324 1450 requies

735 1449 905 1518 animarum,
917 1459 980 1521 quac
989 1448 1017 1506 in
1027 1448 1076 1505 illo
1084 1450 1261 1508 seculonunc
1269 1454 1323 1522 est,

737 1537 794 1578 non
819 1521 1013 1578 consumenda
1032 1535 1171 1590 moerore,
1191 1521 1242 1578 sed
1261 1522 1323 1593 ple·

736 1590 810 1651 niori
831 1592 934 1664 gaudio
951 1592 1054 1650 lutura
1069 1595 1111 1648 cst
1135 1591 1322 1650 resurrectio·

738 1665 782 1722 nis
795 1663 983 1736 adaugenda:
998 1664 1152 1722 baecBedo.
1169 1661 1221 1722 Ubi
1236 1663 1322 1722 etiam

737 1743 816 1806 nota,
829 1736 906 1808 quod
916 1735 1092 1794 intercetera
1104 1734 1249 1809 mysteria,
1259 1750 1323 1808 que

736 1807 822 1866 bodie
838 1807 963 1866 Ecclesia
983 1807 1060 1876 iacit,
1076 1808 1130 1864 boc
1156 1823 1243 1865 unum
1267 1815 1322 1876 est,

737 1879 803 1953 quin
817 1879 903 1938 bodie
927 1895 979 1953 pro
995 1879 1128 1938 omnibus
1145 1883 1220 1937 orat.
1235 1879 1323 1951 Cujus

737 1951 828 2010 oratio
839 1949 1257 2023 est,quiaChristusIuithodia
1268 1950 1325 2008 val·

737 2023 772 2080 de
787 2023 858 2092 pius,
875 2023 905 2079 in
920 2022 1074 2095 parcendo,
1087 2020 1224 2094 quoniam
1238 2035 1325 2078 orans

737 2093 806 2152 dixit
828 2111 836 2151 :
856 2097 948 2162 Pater,
963 2093 1073 2150 dimitte
1092 2095 1163 2161 illis,
1180 2109 1234 2148 aon
1253 2095 1325 2148 caim

737 2170 827 2224 seiam
847 2166 916 2237 quid
932 2167 1042 2233 rodunt
1057 2185 1065 2232 ς
1083 2162 1136 2220 luit
1150 2162 1231 2220 valde
1256 2163 1327 2220 libe·

736 2237 817 2304 ralis,
832 2235 862 2294 in
875 2236 1035 2308 largiendo,
1049 2235 1117 2308 quia
1133 2235 1169 2293 ad
1183 2234 1324 2294 modicam

736 2309 902 2438 petitionem
917 2307 995 2366 dedit
1010 2305 1113 2365 latroni
1134 2321 1255 2379 regnum
1267 2321 1322 2364 οω-

747 2397 830 2440 orum
841 2379 1051 2438 dicenstllodie
1059 2379 1324 2436 mecamertuial’n-

735 2455 844 2524 rodiam
862 2452 914 2510 luit
926 2451 1008 2510 valde
1021 2453 1127 2526 largus,
1138 2449 1168 2508 in
1178 2449 1322 2508 redimen-

736 2526 783 2596 do,
800 2525 937 2597 quianon
955 2530 1074 2598 guttam,
1088 2525 1138 2581 sed
1153 2527 1242 2580 totum
1259 2536 1324 2580 san·

736 2597 853 2670 guinem
870 2613 922 2670 pro
939 2600 1037 2654 nostra
1056 2593 1254 2670 redemptione
1273 2594 1323 2651 do·

736 2671 788 2740 dit,
805 2669 879 2726 unde
893 2667 924 2726 in
940 2669 1053 2726 Psalmo
1069 2684 1077 2725 ι
1093 2667 1165 2736 Quin
1182 2665 1258 2738 apud
1272 2667 1323 2723 llo·

736 2745 841 2798 minum
856 2741 1057 2810 misericordia,
1071 2745 1097 2796 et
1116 2741 1226 2811 copioso
1246 2736 1323 2820 opud

737 2830 797 2870 eam
805 2813 966 2884 redemptio.
979 2811 1045 2868 ldeo
1057 2809 1192 2879 Ecclesia,
1200 2809 1237 2866 ad
1247 2813 1323 2866 simr-

737 2882 887 2941 litudinam
907 2883 1023 2950 Christi,
1040 2889 1084 2938 est
1099 2882 1184 2938 bodie
1203 2879 1324 2962 multum

737 2953 863 3013 liberalis
879 2955 906 3010 in
921 2954 1040 3016 orando,
1055 2957 1085 3010 et
1099 2951 1220 3009 multum
1234 2965 1282 3022 pra
1296 2965 1326 3008 ιιι

738 3026 891 3098 parcendo,
905 3023 994 3082 llodic
1009 3025 1095 3082 etiam
1108 3023 1209 3082 fideles
1232 3022 1326 3080 eccle·

738 3101 793 3156 sias
807 3113 917 3166 omnes,
936 3102 966 3154 et
989 3095 1092 3154 altaria
1114 3095 1231 3153 visitare
1255 3109 1327 3151 oon·

737 3173 902 3238 sueverunt,
928 3169 1008 3240 cujus
1035 3168 1136 3240 triplex
1160 3165 1234 3223 ratio
1262 3170 1323 3224 est:

737 3244 830 3316 prima
844 3245 897 3308 est,
920 3241 995 3311 quod
1018 3238 1069 3297 illa
1083 3237 1206 3296 visitatio
1220 3251 1324 3309 reprae-

737 3313 830 3372 sentat
853 3310 1045 3368 visitationem
1070 3309 1271 3382 Apostolorum
1296 3311 1324 3390 at

737 3390 898 3444 sanctarum
915 3381 1151 3454 mulierumque
1166 3381 1266 3438 crebro
1280 3394 1322 3437 vi·

736 3457 862 3516 sitabant
883 3455 1064 3528 sepulchrum
1088 3471 1096 3524 ;
1122 3451 1248 3512 secunda
1268 3454 1322 3521 cst,

736 3528 804 3603 quia
818 3529 947 3586 cbristus
968 3525 1054 3585 bodie
1066 3541 1168 3584 omnes
1192 3525 1321 3592 Sanctm,

736 3601 785 3674 qui
800 3601 914 3658 inerunt
929 3615 946 3658 a
964 3597 1104 3672 principio
1120 3595 1218 3656 mundi
1234 3609 1322 3666 usque

736 3688 819 3731 nunc.
830 3669 1050 3744 praesentialiter
1063 3668 1194 3738 visitavit,
1206 3667 1273 3726 dum
1285 3665 1323 3724 ad

736 3745 854 3802 limbum
870 3742 1036 3814 descendit,
1060 3740 1145 3800 tertia
1170 3739 1243 3798 ratio
1269 3742 1322 3804 est,

737 3815 914 3946 bittit
926 3809 1325 3944 tittttttl'tltit.

736 3904 752 3944 r
998 3903 1015 3942 u

737 3974 851 4016 carcere
864 3927 989 4028 liberati,
1001 3957 1189 4015 etincoeleste
1203 3965 1324 4034 regnum

738 4029 898 4088 sublimati:
911 4028 935 4087 si
948 4031 1010 4102 quis
1025 4027 1101 4087 enim
1116 4029 1152 4086 de
1165 4040 1276 4084 carcero
1288 4022 1323 4079 lr-

738 4103 897 4166 beraretur,
919 4105 948 4159 et
967 4105 994 4159 in
1013 4102 1163 4174 imperium
1189 4095 1324 4176 sublima·

738 4179 827 4244 retur,
844 4172 923 4231 illam
938 4173 1014 4231 diem
1028 4173 1127 4246 utiquc
1142 4171 1262 4249 multum
1277 4164 1323 4221 dl-

738 4245 849 4318 ligeret,
864 4253 893 4302 ct
908 4247 936 4302 in
952 4245 1002 4303 illa
1023 4243 1068 4301 die
1083 4243 1202 4300 mullum
1217 4239 1322 4294 libera-

738 4316 773 4374 lis
787 4323 877 4386 esset;
897 4317 997 4374 merito
1015 4315 1101 4387 igilur
1120 4311 1205 4393 bodio
1223 4305 1323 4366 fideles

738 4389 856 4446 Sanctos
871 4387 998 4456 visitant,
1014 4391 1043 4443 ut
1063 4385 1099 4443 ab
1117 4383 1185 4454 ipsis
1204 4380 1239 4436 dc
1259 4393 1320 4434 car-
