2974 5040
377 450 413 502 nt:
443 448 564 515 sunta,
596 447 630 504 itt
658 449 836 504 Ptsstotttt
864 449 993 503 nuutlt.

678 557 681 633 l
709 555 862 614 citudinem
882 555 946 612 iiia
969 553 1118 628 praesentis
1140 559 1297 628 gustemus.

61 555 143 624 siam,
158 555 264 625 (tuales
274 554 486 628 suulpraecipue
500 554 567 612 mali
579 571 649 630 prae·

61 627 121 696 lati,
138 627 318 691 sacerdotes.
334 635 362 683 et
380 627 521 696 monachi,
543 633 571 683 et
587 627 650 684 alise

60 714 191 772 personae
213 697 363 770 religionis
387 702 510 772 speciem
527 706 649 773 praeten-

62 771 172 839 dentes,
191 771 243 844 qui
261 771 421 844 specialiter
441 788 471 828 se
493 773 529 828 ad
545 773 652 829 cultum

61 843 109 898 Dei
126 843 316 900 devoverunt.
326 843 378 911 Qui
389 858 447 915 prae
460 843 561 900 celeris
576 843 653 902 Cliti·

62 913 161 972 stianis
177 917 276 972 tinum
297 917 455 972 devotionis
471 916 544 988 qiiod
564 918 653 973 Deum

63 992 90 1042 ct
102 985 236 1044 homines
252 987 389 1053 laetillcat,
408 989 465 1044 neo
480 989 583 1044 otierre
597 989 653 1044 de·
676 959 678 1007 ἲ

62 1057 172 1128 herent,
194 1059 247 1116 sed
273 1075 323 1130 per
348 1075 429 1116 suam
456 1030 679 1117 scandalosam¹

64 1131 312 1188 conversationem
328 1133 424 1188 vinum
438 1147 523 1189 suum
538 1133 653 1206 myrrha
677 1103 680 1189 i

64 1207 90 1257 et
115 1201 181 1258 telle
202 1205 346 1260 matorum
377 1204 569 1276 exemplorum
596 1203 654 1261 mi·
677 1192 680 1261 Ι

66 1279 153 1343 scant,
173 1280 203 1332 et
219 1276 277 1332 hoc
302 1277 359 1332 Deo
381 1276 524 1344 ollurunt3
551 1278 654 1348 quibus
678 1289 680 1296 ·

66 1346 357 1420 Dominusenprobat,
371 1347 484 1404 dicens:
495 1351 553 1416 Epo
563 1355 654 1405 autem

63 1418 192 1486 plantavi
215 1425 242 1476 te
257 1422 366 1476 uincam
383 1422 504 1485 electam,
521 1421 654 1491 qaonioio

67 1505 193 1546 concaua
217 1507 246 1547 ea
274 1495 304 1547 in
329 1494 578 1548 amartitudinem?
600 1491 655 1549 atii

67 1567 137 1630 sunl,
153 1561 204 1634 qui
220 1569 336 1621 acetum
351 1563 381 1621 in
394 1564 513 1637 spongia
530 1581 594 1621 cam
609 1581 654 1621 ca·

67 1629 136 1688 lamo
153 1635 279 1693 Domino
295 1635 428 1707 oilerunt,
443 1636 491 1709 qai
507 1641 656 1694 extraneas

69 1711 126 1760 eta
156 1707 281 1765 veritate
307 1709 417 1765 alienas
440 1713 597 1766 sententias
622 1725 655 1766 ex

68 1775 208 1856 Scriptura
223 1779 373 1853 applicant
387 1780 500 1837 Christo
513 1780 593 1852 quasi
607 1797 655 1838 eas

69 1845 187 1920 dicenti;
218 1851 321 1924 quales
341 1859 407 1910 suut
424 1851 470 1924 qui
495 1852 656 1925 singulares

70 1933 173 1990 sensus,
185 1939 203 1978 a
216 1924 367 1982 communi
382 1925 512 1982 Ecclesiae
528 1925 657 1982 doctrina

70 1995 222 2072 extraneos,
241 2013 278 2054 ex
293 1995 441 2069 Scriptura
455 1998 568 2054 trahere
588 2011 655 2054 mo-

70 2059 184 2148 liunturp
196 2067 275 2125 etsie
287 2069 436 2126 inermies
446 2069 576 2126 homines
590 2071 655 2126 mil-

71 2136 137 2192 tant.
152 2139 184 2195 lti
194 2139 275 2197 eiiim
289 2139 438 2212 spongiam
449 2149 529 2198 aceto
539 2141 655 2214 implen-

71 2208 120 2287 tes,
134 2213 243 2292 calamo
262 2211 439 2283 Scriptorum
452 2212 612 2286 imponunt,
628 2217 656 2270 et

73 2291 110 2331 ori
125 2297 197 2361 ‚ejus
216 2285 356 2355 offerunt,
375 2293 404 2342 et
426 2285 491 2342 talis
516 2291 599 2358 potus
613 2289 657 2342 est

72 2348 174 2433 Christo
187 2355 342 2428 insipidus,
355 2373 420 2414 nain
429 2373 491 2414 cum
503 2362 655 2429 gustasset,

74 2419 158 2479 noluit
169 2425 281 2485 bibere.
298 2459 328 2469 -
345 2431 383 2485 lix
402 2435 558 2500 quostiam
573 2428 657 2487 nobis

74 2488 150 2549 datur
160 2496 377 2568 documentum,
393 2502 470 2572 quod
485 2501 558 2558 sicut
572 2503 656 2559 Chri-

75 2567 128 2620 stus
150 2584 207 2626 non
225 2569 400 2643 dedignatus
425 2573 479 2629 luit
504 2572 657 2645 pronubis

76 2641 178 2697 acetum
191 2650 320 2714 gustare,
335 2645 385 2701 sed
400 2660 456 2700 non
469 2643 559 2713 bibit;
576 2644 616 2702 sic
628 2649 658 2702 et

76 2718 122 2788 nos
135 2725 184 2768 sno
199 2715 331 2785 exemplo
347 2715 489 2774 discemus
525 2717 657 2774 raediclos

76 2779 163 2857 aridos
181 2785 317 2844 homines
340 2793 397 2844 lam
425 2805 493 2846 scau
515 2789 610 2846 alosos
627 2788 656 2845 in

77 2853 136 2918 lit,
152 2869 235 2925 quum
252 2859 469 2931 superstitiosos
479 2860 655 2932 indoctrina,

77 2931 182 2989 gustare
200 2931 329 3002 quidem,
345 2929 433 2989 idest
458 2931 517 3004 pati
541 2937 570 2989 el
584 2933 656 2990 tole·

78 3005 145 3063 tate,
161 3001 210 3080 sed
226 3018 409 3074 nequaquam
433 3003 543 3073 bibere,
561 3011 590 3061 et
609 3021 657 3062 eo-

78 3075 135 3122 rum
148 3077 231 3130 vitam
248 3079 279 3130 et
294 3075 423 3148 exempla
436 3076 518 3133 nobis
527 3075 658 3149 incorpo-

79 3149 147 3206 raro,
159 3147 401 3212 quemadmodum
411 3147 548 3206 Dominus
561 3159 658 3205 noster

81 3213 181 3295 acetum
196 3232 254 3274 non
271 3217 359 3288 bibit;
378 3219 445 3292 quia
461 3219 533 3277 tales
548 3219 578 3276 iu
596 3236 658 3277 cor-

80 3291 126 3346 pus
139 3299 196 3356 epus
210 3289 305 3360 trajici
320 3307 376 3347 non
392 3297 519 3362 possunt.
536 3323 572 3334 -
588 3294 658 3349 ltem

83 3355 120 3428 tffl
131 3353 402 3438 documentumpro
411 3363 588 3436 religiosiset
602 3380 660 3436 poe-

82 3425 239 3511 attenuans,
259 3434 335 3505 qaod
351 3433 375 3490 si
390 3437 505 3507 quando
518 3435 558 3492 eis
569 3452 658 3519 appo-

82 3497 153 3574 sstlut
167 3503 245 3562 cibus
261 3505 304 3562 iel
317 3515 400 3578 potus
413 3508 616 3576 poeoitentiatis
632 3513 661 3566 et

83 3575 168 3624 minus
193 3576 319 3649 sapidus,
337 3578 494 3649 recogitent
518 3580 660 3638 Christum

83 3631 140 3694 lelle
153 3648 272 3726 etnacieto
286 3649 427 3721 pronubis
440 3657 577 3723 potatum.
593 3654 661 3708 Post

83 3719 314 3784 concupiscentias
325 3735 393 3793 ergo
409 3727 472 3780 tuas
486 3739 541 3780 uon
556 3725 658 3792 abeam

84 3777 127 3834 sed
140 3800 186 3866 eas
199 3790 318 3848 uiriliter
332 3793 458 3866 lrangas.
474 3801 503 3851 et
517 3799 583 3851 tunc
595 3795 660 3852 telle

84 3861 270 3927 amaritudinis
283 3881 346 3922 cum
362 3865 466 3922 dilecta
482 3871 531 3922 tuo
546 3869 660 3938 potabe-

87 3931 129 3997 tis.
144 3957 176 3970 -
190 3933 229 3990 llil
241 3937 478 3994 conformandum
490 3954 520 3993 se
536 3937 601 3996 huic
615 3956 662 3996 ar·

86 3991 174 4076 ¹¹⁰⁰,ltu
189 4011 325 4078 recogitet
343 4012 428 4066 hamo
455 4015 563 4082 quanto
582 4011 659 4068 desi·

86 4057 390 4149 dpertpsatvatoinosiei
400 4081 521 4138 salutem
534 4089 661 4140 nosti-am

87 4137 172 4208 ⁵¹¹¹l'lli
188 4161 237 4218 pro
261 4167 317 4223 qua
343 4155 429 4210 etiam
458 4165 571 4210 acetum
598 4172 660 4212 cum

87 4213 191 4276 mittha
215 4229 243 4277 et
259 4223 323 4280 telle
342 4225 469 4296 accipere
498 4243 555 4284 nnn
582 4227 661 4283 dedi-

89 4285 180 4342 soiius
198 4290 258 4361 luit,
287 4296 324 4352 ad
351 4299 560 4356 ostendendum
586 4299 661 4370 quod

91 4357 280 4435 masalmam,
307 4375 433 4440 quaeest
457 4371 517 4428 vita
542 4375 660 4441 aelcrna,

90 4429 213 4503 consequi
227 4437 381 4512 caleamus,
407 4440 461 4500 uisi
486 4442 566 4517 prius
582 4458 661 4501 ama·

1262 441 1305 500 lat

709 632 782 696 iesu,
798 632 847 700 pai
861 634 983 685 nostram
997 629 1114 684 salutem
1129 629 1225 682 sitiens
1240 643 1298 682 aaa·

710 707 737 758 to
755 707 780 756 et
794 705 857 757 aino
876 702 1018 772 mprrlioto
1034 716 1094 756 cam
1123 700 1190 766 felle
1207 700 1301 770 potari

710 776 834 838 ootiiisti',
846 775 926 829 salua
938 789 979 828 me
997 778 1046 828 tia
1064 773 1188 840 prataita
1205 772 1299 838 pratia

710 848 739 902 in
758 863 868 901 numera
891 845 1097 908 salvandorum,
1124 849 1150 898 et
1174 843 1301 898 domitii

710 933 789 974 versa
803 921 860 974 eice
867 921 946 973 sitire
959 923 985 972 te
998 918 1101 986 sontem
1114 918 1209 972 vitaer
1222 929 1301 986 aquae

710 995 793 1046 uiua:
811 990 890 1045 eorde
905 989 1058 1058 diligendo,
1073 1004 1140 1044 aare
1157 987 1299 1042 laudando

711 1069 737 1118 et
746 1079 791 1118 ure
799 1061 985 1134 praedicando.
1001 1066 1026 1117 et
1036 1076 1155 1116 amarem
1165 1059 1203 1114 ad
1216 1063 1241 1114 te
1251 1059 1299 1114 lia·

713 1135 799 1190 bitum
812 1135 940 1204 operibus
952 1131 1128 1190 ostendendo.
1141 1134 1195 1188 Fac
1207 1147 1249 1186 me
1260 1132 1301 1185 ui-

711 1223 776 1263 num
792 1207 954 1266 devotionis.
976 1222 1036 1262 cnm
1057 1205 1171 1274 mprrlia
1184 1205 1300 1272 mortiti-

712 1281 830 1335 aotianis
846 1281 938 1335 carnis
962 1294 994 1333 ac
1017 1279 1083 1346 selle
1100 1275 1301 1348 penitentialis

713 1353 937 1422 compunctionis,
956 1350 1009 1406 tibi
1037 1349 1121 1417 digne
1134 1349 1250 1419 offam
1274 1351 1300 1403 et

713 1424 750 1479 dn
767 1424 837 1478 milii
854 1423 1031 1478 acerbitatem
1055 1421 1149 1476 calicis
1176 1421 1218 1476 tui
1245 1435 1299 1476 uait

714 1497 832 1564 horrere,
852 1495 900 1550 sed
918 1511 978 1550 cam
997 1493 1099 1562 gaudio
1125 1493 1255 1564 amplecti
1277 1495 1303 1548 et

715 1567 805 1622 bibere
830 1567 868 1622 ad
891 1573 1020 1623 alanum
1043 1566 1160 1619 salutem
1195 1568 1227 1619 ut
1250 1578 1300 1634 pro

714 1644 865 1695 amaretne
882 1641 980 1695 anima
1000 1653 1064 1694 meae
1077 1638 1184 1692 sitienti
1203 1650 1300 1692 amara

714 1712 810 1767 dulcia
826 1711 984 1767 uideantur.

750 1787 784 1852 46
799 1785 887 1840 Ssxro
902 1801 1000 1850 vanae,
1015 1799 1192 1844 consuuuarn
1215 1797 1300 1836 osuit

715 1873 861 1912 numanis.
879 1885 911 1899 -
928 1857 1042 1912 Sextum
1054 1855 1172 1911 verbum
1188 1850 1300 1910 Dniuini

715 1926 778 1996 luit,
799 1943 859 1983 cum
885 1932 1034 1998 postquam
1056 1929 1203 1998 accepisset
1222 1927 1301 1980 tasas

715 2000 909 2068 acclamationi
933 2001 1154 2056 Consummatum
1163 2001 1213 2060 est,
1222 1994 1302 2053 idest

715 2075 805 2128 tolum
822 2069 994 2142 completum
1011 2075 1053 2126 est
1068 2068 1096 2124 in
1114 2084 1200 2140 opere
1216 2070 1302 2123 ctiam

715 2138 1301 2214 usqueadacetipotquuidqiiiildeme

717 2217 770 2271 Laii
782 2220 810 2270 et
820 2213 970 2284 Prophetae
981 2211 1214 2284 praedixeraiit,et
1223 2208 1303 2281 quid·

715 2286 786 2360 quid
812 2287 847 2343 de
867 2301 913 2342 me
940 2283 1077 2356 scriptum
1095 2289 1168 2352 erat,
1188 2287 1302 2353 etopus

716 2355 919 2430 redemptionis
932 2357 1075 2422 humanas,
1087 2361 1116 2413 et
1129 2369 1215 2412 amne
1231 2368 1302 2425 opus

716 2445 812 2488 meum
828 2431 903 2502 quod
921 2429 948 2485 in
970 2428 1076 2486 munda
1097 2429 1191 2484 lacere
1206 2423 1302 2495 debui,

716 2507 941 2560 consummatum
957 2507 1000 2557 est
1027 2505 1055 2558 et
1074 2500 1252 2574 perlectum
1270 2513 1303 2554 ac

716 2575 801 2632 eliam
818 2573 912 2632 omnis
933 2590 1019 2646 poena
1038 2578 1067 2630 et
1087 2569 1181 2630 omnis
1208 2585 1303 2644 pagna

715 2652 913 2704 consummata
938 2651 992 2712 est,
1019 2650 1047 2702 et
1070 2643 1221 2716 completa,
1242 2658 1302 2699 om·

715 2721 816 2789 nisque
839 2719 920 2776 labor
944 2724 973 2774 et
996 2717 1087 2786 dolor,
1110 2731 1195 2789 quein
1214 2711 1303 2771 susci·

717 2807 783 2861 pere
812 2805 958 2858 veneram,
979 2793 1023 2846 est
1051 2788 1165 2856 linitum
1193 2792 1304 2860 tempus

716 2879 839 2934 quilque,
860 2879 915 2934 quo
936 2861 1010 2918 inter
1025 2860 1157 2917 homines
1172 2875 1235 2916 esse
1252 2859 1304 2914 de-

716 2933 775 3003 bui,
793 2934 829 2990 ad
850 2934 990 2990 honorem
1014 2930 1064 2988 Dei
1085 2929 1178 2988 Patris
1195 2937 1224 2988 ct
1249 2928 1305 2986 uti·

716 3005 826 3062 litatem
847 3004 987 3072 fidelium,
1007 3009 1053 3061 est
1078 3005 1261 3074 completum,
1277 3004 1305 3058 et

717 3075 926 3145 obedientiam,
938 3092 1025 3146 quam
1035 3073 1115 3132 dedit
1128 3073 1197 3130 milii
1212 3075 1305 3140 Pater,

718 3149 841 3222 perfecte
853 3147 990 3218 complevi
1003 3165 1010 3215 ;
1027 3153 1055 3202 ct
1067 3145 1207 3219 quidquid
1223 3161 1307 3218 opor·

717 3219 795 3277 lebat
823 3218 887 3277 lleri
920 3224 1075 3290 antequam
1095 3233 1234 3284 morerer,
1258 3217 1306 3272 la-

718 3301 794 3350 ctum
807 3297 868 3360 esl;
883 3296 911 3347 et
921 3289 990 3346 nihil
1006 3295 1147 3356 cernensi,
1159 3305 1211 3345 uec
1225 3287 1305 3359 quid·

719 3380 805 3437 quam
830 3364 891 3436 jam
922 3367 1012 3419 restat
1047 3359 1124 3433 quod
1153 3365 1218 3416 anta
1242 3375 1307 3416 uam

719 3438 826 3494 moriar
840 3435 934 3493 adhuc
952 3433 1013 3490 lieri
1030 3437 1170 3516 oporteat.
1186 3375 1306 3513 Etiianc

719 3508 996 3566 consummationem
1016 3511 1103 3562 etiam
1120 3519 1181 3577 ipse
1207 3502 1308 3575 praedi·

720 3586 799 3638 xerat
824 3598 831 3637 :
863 3579 1138 3642 consummabantur,
1164 3575 1307 3650 inquiens,

719 3656 811 3709 omnia
825 3669 885 3724 qaae
899 3655 1004 3723 scripta
1018 3657 1083 3708 sunt
1097 3665 1146 3720 per
1158 3651 1307 3720 Prophetas

718 3725 752 3780 de
769 3727 840 3780 Filio
864 3725 992 3780 laminis.
1020 3724 1141 3779 Acetoso
1167 3721 1253 3786 igilur
1279 3726 1308 3777 et

720 3795 803 3852 lellco
820 3796 922 3867 poculo
938 3793 1099 3867 propinato,
1111 3791 1222 3850 intulit:
1233 3793 1307 3850 Coit-

719 3874 887 3923 iammatam
902 3873 951 3926 est.
971 3871 1117 3937 tamquam
1132 3865 1154 3922 si
1175 3867 1202 3921 in
1222 3869 1306 3936 gustu

720 3943 792 3996 aceti
805 3944 834 3996 et
849 3937 921 3994 tellis
936 3938 1023 3995 lolius
1038 3937 1225 3994 amarissimae
1241 3938 1306 3993 Pas·

721 4009 811 4067 sionis
832 4015 1030 4067 consummata
1051 4009 1195 4082 plenitudo
1211 4010 1306 4066 consi·

721 4087 818 4138 steret.
837 4085 890 4139 Per
903 4083 958 4139 hoc
974 4081 1051 4140 enim
1067 4081 1184 4139 diluitur
1197 4081 1305 4153 primus

721 4155 769 4211 illc
799 4155 872 4211 male
898 4154 1074 4211 delectabilis
1099 4159 1208 4226 gustus.
1236 4154 1306 4230 Nam

722 4242 785 4283 cum
801 4243 851 4298 per
865 4231 979 4298 gustum
996 4226 1063 4294 ligni
1078 4225 1172 4283 suavis
1187 4229 1216 4281 et
1229 4221 1307 4302 veliti

723 4297 809 4355 totius
824 4304 928 4356 nostra
942 4297 1110 4372 perditionis
1126 4313 1211 4354 causa
1226 4304 1308 4350 exsti-

721 4373 789 4429 terit
798 4370 1104 4442 praevaricatorlldam
1117 4371 1309 4440 opportunum

722 4443 776 4501 luit
794 4449 823 4501 et
842 4457 1009 4516 congruum,
1033 4457 1085 4514 per
1100 4439 1173 4496 viam
1189 4446 1308 4495 contra-
