3124 5038
222 427 270 478 tu
551 423 707 478 SECUNDAE
735 421 853 476 l'hli'l'lS
881 421 982 474 ttltl
1013 423 1122 474 tilla·

226 527 607 598 licitaetcoueessa,rictum
618 527 808 584 necessarium

227 617 367 672 quarere,
383 608 494 658 serrata
506 597 549 656 sui
574 601 749 670 apostolatus
764 597 808 654 in-

223 675 366 756 tegritate,
383 672 406 728 si
431 673 544 743 quando
567 669 643 726 unde
670 669 807 736 virerent,

225 744 300 804 aliud
317 760 373 800 uun
389 743 536 800 haberent.
555 741 764 812 propterquod
780 747 809 797 et

224 815 338 886 Paulus,
354 821 386 872 ut
401 815 436 870 de
451 814 512 886 ipso
529 815 673 880 srribitur,
685 813 809 870 srenela·

225 891 342 946 ctortarn
358 891 448 942 artem
464 883 574 952 didicit,
592 891 619 940 ot
634 899 696 940 cum
711 899 807 941 neces·

225 959 305 1026 sitas,
314 958 357 1015 rel
370 957 500 1014 licclcsiae
516 956 624 1014 utilitas
637 961 808 1024 occurreret,

225 1031 261 1088 de
276 1030 373 1088 labore
387 1044 438 1086 suo
454 1035 570 1086 rircrct.
592 1031 635 1094 Et,
652 1028 808 1086 secundum

226 1101 397 1171 firmarium,
409 1099 552 1174 negotium
570 1098 645 1172 quod
659 1107 726 1157 ante
745 1115 810 1156 cou-

225 1188 386 1232 versionem
401 1171 464 1230 sine
488 1181 605 1245 precato
621 1169 739 1237 exstitit,
755 1171 809 1228 huc

227 1242 810 1318 etiarnpostconrersionemrepeterecul·

223 1331 262 1390 pa
275 1332 332 1374 nou
353 1315 426 1384 luit·,
447 1315 523 1388 quod
537 1319 632 1372 autem
652 1315 688 1372 ad
708 1329 808 1387 pecca·

224 1391 285 1446 tum
300 1385 436 1460 implicet,
456 1385 493 1444 ad
508 1387 561 1444 hoe
583 1401 697 1444 necesse
712 1390 755 1442 est
778 1389 810 1442 ut

223 1464 288 1532 post
299 1460 515 1517 conversionem
526 1457 639 1516 animus
647 1473 702 1514 non
714 1473 810 1514 recur-

224 1537 271 1588 rat
290 1533 369 1588 Unde
384 1537 446 1602 post
458 1529 672 1588 couversionem
683 1545 762 1586 suam
772 1528 809 1585 ad

223 1601 412 1677 piscationem
430 1605 528 1660 Petrus
547 1599 642 1669 rediit,
659 1603 808 1657 Matthaeus

224 1691 292 1732 iero
305 1674 341 1730 ad
354 1673 491 1731 telonium
507 1690 561 1729 nun
578 1672 692 1728 resedit.
711 1675 743 1727 Et
759 1687 808 1743 per

224 1751 314 1803 totam
333 1752 444 1801 noctem
460 1745 536 1801 illam
553 1743 580 1799 hi
597 1749 705 1814 septem
723 1743 807 1799 disci-

224 1817 283 1890 puli
300 1819 327 1872 in
341 1832 445 1872 vanum
461 1816 670 1882 laboraverunt,
687 1819 715 1871 et
737 1813 806 1870 nihil

225 1889 261 1946 de
280 1889 405 1970 piscibus
429 1891 574 1960 ceperunt,
595 1885 662 1958 quia
681 1885 806 1942 ditinum

224 1957 359 2018 aiutliurn
379 1958 488 2029 deerat,
508 1960 587 2032 cujus
607 1957 734 2014 carentia
754 1973 806 2014 nox

224 2029 278 2089 dici
294 2035 397 2104 potest.
423 2033 480 2090 lloc
498 2031 561 2088 ideo
585 2029 689 2086 iactum
709 2037 763 2098 est,
779 2036 808 2085 ut

223 2107 315 2177 captio
329 2117 451 2176 sequens
467 2101 618 2161 manifeste
634 2101 808 2160 miraculosa

224 2179 385 2251 appareret.

258 2247 439 2306 shersnrrto
462 2245 563 2302 Dormt
580 2263 612 2302 er
639 2261 809 2304 utnncutoss

223 2335 343 2378 statario
378 2350 412 2360 -
436 2319 517 2374 Mune
537 2329 626 2374 autem
648 2321 732 2385 facto,
758 2334 809 2390 per

224 2391 299 2464 quod
315 2387 484 2461 inteligitur
507 2387 598 2459 gloria
614 2388 808 2445 lle-urrectio-

223 2461 280 2531 nis,
303 2460 439 2517 Dominus
462 2462 540 2514 tesus
557 2460 690 2530 apparuit
715 2460 756 2516 eis
780 2464 809 2516 et

225 2535 301 2590 stetit
317 2535 346 2586 in
370 2533 461 2586 littore
475 2529 572 2586 maris.
591 2533 651 2586 Non
678 2531 810 2602 apparuit

226 2618 312 2675 supra
328 2616 444 2672 aquam,
457 2600 507 2656 sed
522 2603 549 2656 in
562 2605 640 2657 turra
656 2603 758 2670 solida,
773 2604 807 2658 ad

225 2673 433 2732 ostendendum
447 2671 522 2753 quod
537 2671 658 2744 amplius
674 2689 730 2729 non
749 2679 811 2730 erat

229 2743 809 2817 cumeisiniluotrhusritaecorruptibilis,

229 2817 279 2879 sed
294 2815 386 2888 magis
399 2816 473 2886 quod
489 2817 640 2872 transierat
656 2821 690 2872 att
707 2823 810 2873 statum

227 2890 292 2946 vitre
307 2885 485 2945 immortalis.
501 2891 560 2944 Non
576 2893 667 2943 tomen
679 2905 811 2957 coquere·

228 2967 294 3018 runt
306 2961 439 3031 discipuli
448 2961 516 3030 quia
529 2961 607 3016 iesus
621 2965 661 3015 est
683 2962 743 3016 Non
758 2969 813 3018 sta·

228 3035 292 3102 tim,
309 3031 465 3088 secundum
479 3034 708 3100 chrysostomum,
719 3038 813 3089 osteu-

230 3104 271 3162 dit
282 3106 366 3162 iesus
381 3102 514 3175 seipsum,
528 3109 559 3159 ut
571 3119 621 3174 per
633 3101 812 3174 miraculum,

229 3175 305 3248 quod
321 3175 445 3232 lacuirus
455 3179 722 3248 erat,agn0scerent
737 3191 812 3232 eum.

229 3251 309 3306 Dicit
320 3263 383 3317 erpo
394 3249 433 3302 eis
451 3249 528 3303 tosus
545 3265 552 3301 s
572 3249 664 3314 Pueri,
680 3248 815 3317 numquid

229 3321 446 3392 pulmentarium
475 3319 602 3374 hahetis?
626 3319 745 3374 Aliunde
769 3319 815 3375 liic

233 3408 297 3464 qum
327 3399 390 3447 acta
414 3393 491 3459 sunt,
518 3391 585 3461 quia
607 3387 814 3462 jucundis-ima

229 3467 304 3521 sunt.
322 3461 525 3544 Quaercbat'ah
548 3457 600 3528 eis,
623 3460 703 3532 quusi
725 3459 815 3587 pisces

232 3549 327 3592 emere
343 3535 450 3602 volens,
462 3547 484 3588 st
497 3531 717 3604 pulmentarium
750 3533 814 3589 ahe-

230 3611 306 3676 rent,
322 3605 350 3662 id
366 3611 409 3662 est
428 3601 547 3676 aliquid,
563 3603 637 3674 quod
652 3602 770 3674 decoqui
786 3611 815 3661 et

232 3678 340 3734 comedi
376 3681 462 3734 osset.
481 3675 705 3732 Pulmentarium
720 3680 814 3746 potest

230 3747 285 3804 dici
297 3693 460 3820 ittoiqoou
472 3747 538 3822 paui
550 3745 754 3804 dulcorandum
766 3748 814 3804 ad-

226 3819 365 3893 jungitur.
379 3829 408 3876 et
430 3835 486 3892 quo
521 3817 594 3888 anis,
615 3823 647 3875 ut
659 3817 750 3890 magis
763 3835 811 3876 ro-

229 3889 487 3958 mestibitissit,con
511 3891 576 3947 itur.
588 3889 812 3948 Pulmontarium

229 3967 325 4020 autern
345 3961 390 4017 luc
409 3969 490 4017 vocat
506 3965 606 4032 piscus,
621 3961 657 4018 ad
672 3965 812 4019 edendum

228 4033 328 4092 dulces
342 4037 371 4088 et
389 4031 583 4102 delectabiles,
596 4039 627 4090 ut
642 4033 709 4090 dicit
724 4036 810 4104 Chip-

227 4111 370 4163 sostomus.
385 4101 501 4161 Interim
511 4103 663 4160 humanius
675 4105 809 4177 loquitur,

225 4183 257 4236 ut
272 4175 339 4250 quid
355 4175 462 4234 debens
475 4189 569 4231 eruere
585 4175 682 4234 noeis.
696 4176 809 4258 mystice

223 4255 330 4322 autem,
346 4265 363 4306 a
380 4245 461 4304 nohis
475 4249 652 4330 pulmentum
668 4255 737 4320 potu
753 4248 808 4304 Do-

227 4321 332 4392 minus,
358 4325 390 4380 ut
408 4317 563 4388 roilctatur,
585 4317 663 4446 3⁰⁹⁶
678 4323 721 4374 est
735 4319 809 4375 obe-

224 4393 333 4454 dientia
361 4391 560 4452 mandatorum
608 4405 644 4462 ei,
660 4388 696 4447 ad
720 4405 806 4462 quam

864 524 1436 598 omnesobliganlur,undesuprad'ncipu·

863 597 898 654 lis
910 595 967 652 suis
979 595 1170 666 ipsedixorat:
1180 601 1253 655 licias
1266 601 1438 666 cibaremur

862 672 966 738 facium
980 671 1147 725 uoluntatem
1162 670 1232 740 ejus,
1245 675 1296 741 qui
1307 675 1382 726 misit
1393 689 1437 727 me.

864 743 896 796 Et
910 742 1108 810 responderimt
1125 743 1150 796 ei
1166 760 1174 798 ε
1192 745 1271 810 iton,
1293 744 1438 799 credebant

863 811 939 868 enini
950 828 1013 868 eum
1024 828 1083 869 esse
1097 823 1283 870 mercatorem
1305 814 1439 870 volentem

862 886 954 956 pisces
967 899 1070 940 einero.
1080 885 1153 940 Dicit
1163 889 1216 940 eis:
1226 889 1330 942 ttittite
1341 889 1370 941 in
1382 887 1440 940 tter·

863 962 949 1012 terum
958 959 1067 1026 accipit
1075 963 1131 1012 rete
1143 963 1169 1012 et
1180 959 1336 1014 invenictis,
1350 957 1390 1016 llli
1402 975 1431 1012 ao

864 1033 933 1094 tent,
950 1027 985 1084 ad
1000 1029 1163 1084 mandatum
1176 1029 1248 1101 ejus,
1259 1033 1395 1086 miserunt
1407 1046 1434 1086 ru

864 1100 976 1172 tequod
986 1099 1198 1169 impletumest;
1211 1101 1306 1170 etjam
1316 1103 1435 1156 nonunt·

865 1171 930 1228 dant
942 1173 1015 1228 illud
1029 1174 1136 1230 trahere
1142 1189 1200 1244 prae
1215 1173 1396 1228 multitudine
1408 1177 1445 1242 pi-

863 1246 950 1300 scium
961 1242 1044 1326 :quia
1055 1243 1131 1300 enim
1144 1243 1314 1300 obedientes
1322 1244 1443 1306 luerunt,

864 1331 896 1372 et
909 1316 1071 1373 obedientia
1080 1315 1201 1372 fructum
1213 1316 1360 1372 consecuti
1372 1321 1444 1372 sunt.

865 1389 918 1444 Per
937 1393 1045 1460 septem
1069 1391 1235 1460 piscatores,
1253 1387 1301 1458 qui
1319 1387 1365 1444 hic
1380 1404 1446 1443 otiu·

863 1465 1020 1526 merantur,
1038 1459 1206 1516 universitas
1228 1458 1445 1530 predicator-on

865 1531 996 1588 Ecclesiae
1014 1531 1188 1600 destinatur,
1205 1531 1331 1602 quisine
1346 1529 1445 1590 Christi

863 1609 966 1658 virtute
981 1601 1048 1657 nihil
1064 1602 1215 1674 prendunt,
1231 1608 1259 1658 et
1275 1602 1347 1658 nihil
1366 1603 1446 1675 proh·
1529 1637 1530 1648 κ

864 1691 928 1730 cere
953 1673 1166 1746 possuntque
1185 1673 1246 1730 sine
1262 1673 1446 1730 instrui-tione

863 1749 924 1816 cius
939 1745 1080 1812 interiori,
1102 1750 1204 1801 trustra
1223 1746 1338 1803 laborat
1357 1745 1447 1817 lingua

863 1817 1067 1889 pradicatoris.
1085 1817 1140 1874 Sed
1162 1833 1253 1874 mane.
1269 1819 1386 1889 qtiando
1402 1833 1447 1872 re·

864 1889 906 1945 nit
920 1889 964 1944 lux
980 1888 1143 1944 illuminans
1155 1889 1252 1956 corda,
1262 1888 1326 1956 ipso
1336 1889 1446 1945 christu

863 1959 1057 2034 principaliter
1072 1967 1219 2032 operante,
1241 1961 1359 2034 capiunt
1374 1959 1447 2032 copi·

863 2031 1446 2106 osammultitudinempisciuinperquarn

863 2104 992 2178 signatur
1012 2103 1161 2160 multitudo
1189 2103 1379 2173 credentium,
1400 2120 1448 2178 per

865 2176 1094 2248 iiraediratlonem
1125 2176 1338 2247 Apostolorum,
1361 2183 1389 2234 et
1413 2175 1446 2232 si·

864 2247 969 2304 militer
984 2245 1135 2304 multitudo
1162 2245 1377 2320 poeniteotium,
1400 2263 1447 2322 prr

863 2318 1065 2392 praedicatorcs
1076 2316 1146 2374 alios
1161 2319 1196 2374 ad
1210 2321 1314 2376 bouum
1332 2335 1446 2376 couter-

863 2407 968 2448 sorum.
984 2389 1091 2447 Dicitur
1106 2395 1201 2446 autent
1216 2391 1291 2462 quod
1309 2390 1399 2464 pisces
1411 2393 1447 2449 lu·

863 2462 945 2591 {iuni
960 2461 1030 2518 retia
1042 2461 1141 2518 ioetida
1153 2468 1182 2519 ct
1194 2470 1341 2535 corrupta,
1354 2481 1404 2521 nec
1420 2462 1445 2518 ti·

884 2541 965 2590 enter
979 2532 1086 2589 intrant
1100 2550 1144 2602 ea,
1162 2542 1191 2590 et
1207 2543 1324 2607 propter
1341 2537 1395 2592 hoc
1410 2535 1444 2592 illi

865 2604 1446 2678 quipiscanturrumtalibusrotihus.pau·

865 2693 912 2733 cos
925 2677 967 2732 vel
982 2677 1072 2732 nullos
1088 2676 1176 2746 pisces
1188 2676 1303 2750 rapiunt
1314 2698 1321 2744 ;
1331 2697 1361 2735 se
1385 2695 1446 2736 uun-

864 2755 913 2805 tur
927 2763 993 2806 iero
1006 2747 1078 2805 retia
1090 2747 1233 2804 odorifera
1251 2755 1279 2806 et
1293 2696 1408 2820 inunge,
1421 2755 1446 2808 et

865 2820 1005 2876 ideocum
1032 2819 1135 2876 talibus
1160 2819 1312 2891 capiuntur
1338 2821 1444 2880 metius.

867 2893 935 2948 Dete
951 2890 1063 2958 chri-ii,
1075 2895 1118 2946 est
1132 2891 1249 2948 verbum
1267 2893 1332 2962 Dci;
1350 2897 1444 2966 pisces.

867 2971 936 3020 sunt
947 2979 1046 3020 omnes
1060 2969 1238 3034 peccatorcs;
1252 2964 1326 3020 dest·
1339 2983 1380 3036 ra,
1396 2965 1445 3038 spi·

869 3035 998 3096 ritualia:
1030 3034 1152 3094 sinistra.
1183 3037 1364 3106 temporalia.
1397 3041 1444 3094 lle

869 3123 947 3175 crgo,
964 3105 1012 3178 qui
1041 3105 1174 3176 praedicat
1199 3111 1314 3177 propter
1341 3111 1443 3167 lucrum

868 3179 1035 3250 temporale,
1049 3177 1206 3234 aelianum
1219 3177 1352 3249 gloriam,
1363 3185 1445 3254 pisca·

869 3255 915 3306 tur
933 3249 969 3305 ad
986 3249 1140 3312 sinistram,
1157 3257 1184 3305 et
1202 3249 1273 3306 rotia
1289 3253 1387 3310 toetida
1400 3255 1445 3308 ha·

869 3321 926 3386 iret,
940 3325 968 3376 et
983 3320 1046 3377 ideo
1064 3335 1161 3392 rutrum
1189 3321 1313 3392 'truhtin
1333 3325 1381 3382 scd
1401 3322 1443 3394 tini

869 3392 897 3448 in
913 3392 1044 3448 doctrina
1070 3399 1099 3448 et
1123 3391 1325 3464 pradicatione
1351 3394 1443 3468 uuaerit

868 3463 985 3520 salutern
1001 3463 1188 3532 audientium,
1204 3463 1251 3520 ille
1276 3475 1399 3535 piscatur
1412 3466 1441 3522 al

869 3535 1067 3604 dexteramei
1093 3533 1165 3592 retia
1185 3533 1328 3596 triloril‘era
1356 3540 1441 3602 habr',

868 3615 895 3664 ct
909 3607 973 3663 ideo
987 3607 1106 3664 multum
1121 3605 1251 3688 prosscit;
1267 3625 1319 3666 nec
1336 3611 1441 3668 mirum.

868 3677 945 3749 quia,
959 3685 991 3735 ut
1006 3677 1109 3736 dicitur
1126 3693 1155 3734 tn
1184 3677 1256 3733 lihro
1282 3685 1317 3738 l’r
1329 3679 1439 3740 tl'ei'bid·

867 3765 929 3807 runi
947 3767 954 3806 ε
975 3753 1041 3808 Vius
1054 3765 1143 3821 quau
1158 3749 1278 3808 desieris
1288 3760 1363 3820 sunt,
1373 3753 1440 3809 norit

866 3824 1015 3890 Dominus;
1033 3837 1167 3894 peruersa
1183 3836 1245 3877 uero
1264 3833 1339 3897 sunt,
1356 3841 1413 3898 qua
1427 3839 1440 3871 t

865 3896 988 3950 sinistris
1002 3901 1076 3950 suut.

901 3969 917 4020 ὅ
935 3966 1264 4026 Pansrtcncrrsslosssrs
1282 3983 1433 4024 tanscoosu

865 4053 966 4092 serrano
981 4039 1107 4102 Cuntsro,
1130 4057 1288 4105 rsnronuue
1308 4041 1389 4098 Psrm
1415 4050 1440 4090 st

865 4125 892 4163 nr
908 4125 978 4166 nans
994 4127 1142 4168 cursans.
1168 4145 1186 4152 ·-
1209 4113 1367 4182 Discipulos
1385 4124 1440 4176 erut

864 4181 921 4246 ille,
934 4197 1012 4252 quem
1024 4183 1159 4250 dilipetot
1169 4185 1246 4240 lesus
1271 4183 1298 4240 id
1311 4191 1352 4240 est
1365 4187 1439 4242 toan·

865 4266 925 4334 nes,
941 4252 1121 4334 considerato
1135 4229 1274 4314 iniracqu
1288 4248 1439 4328 tactoque

862 4323 932 4378 tttdtl
953 4323 1138 4408 adimpletum
1165 4329 1237 4385 sicut
1264 4325 1438 4458 praedixerat.

862 4403 1039 4467 recormscn
1054 4400 1254 4468 eum,stdicit
1286 4405 1437 4472 cumulem
