3124 5038
199 446 354 508 QUOMODO
385 447 533 501 uttttttus
561 445 732 500 ttrttutt
762 447 896 502 neotus
927 447 1124 505 DiSGlPiibiS
1157 451 1187 505 11
1218 452 1281 505 ild.
1312 453 1353 502 cn

135 553 206 619 rutt,
225 559 253 611 et
272 554 357 613 etiam
378 553 504 618 invitari,
519 567 570 624 per
584 552 727 611 desideria
782 555 957 612 inteltectum
985 556 1083 626 darrt,
1113 554 1178 614 ticet
1203 557 1358 630 aliquando

135 633 165 684 et
180 627 325 683 orationes
353 641 386 682 sc
402 633 514 682 sanctas
530 623 727 682 rn··‹ttt.niooes
782 627 893 698 tongins
912 643 942 684 se
957 629 998 684 ire
1024 627 1154 699 ssngorct,
1176 635 1208 686 ut
1223 642 1274 686 nos
1289 647 1360 703 pro-

135 703 163 754 et
181 697 246 754 ideo
260 703 373 770 oportet
389 713 501 769 semper
515 713 608 764 orare,
624 707 652 753 rt
668 713 725 753 non
783 701 872 755 beret.
888 702 969 766 Item,
984 699 1152 772 peregrinos
1167 703 1203 758 eb
1228 702 1361 760 omnibus

135 769 272 826 deiicere.
292 773 346 827 isa
362 768 399 826 eti
411 785 446 824 nn
466 768 531 824 terit
545 769 580 824 att
601 777 726 826 nostrum
781 771 816 827 ad
830 787 894 828 curn
913 789 968 826 non
986 770 1193 841 pertinentibus
1212 789 1241 830 >a
1257 790 1360 834 arona·

135 841 338 908 eruditionem,
357 845 388 896 ut
408 839 517 896 scitu-ot
544 839 726 898 intendamus
782 849 826 900 rat
842 855 870 899 ct
883 843 999 907 ationat,
1019 841 1094 899 viam
1120 843 1235 914 querit,
1249 861 1360 903 ¹suormo

135 911 167 968 in
183 929 270 982 opem
285 911 423 979 caritatis,
439 911 563 983 pietatis.
582 920 610 966 rt
630 909 726 980 bospi-
783 913 924 971 desiderio
945 913 1066 987 patriam
1092 930 1174 971 suam
1198 917 1317 988 appetit,
1333 921 1363 976 st

137 982 269 1054 tationis,
290 991 318 1042 et
340 984 414 1055 quod
432 999 489 1039 nou
512 983 616 1040 sutticit
631 982 728 1040 divina
783 1001 833 1042 cor
847 992 933 1058 etque
947 985 1046 1042 ocutos
1060 987 1096 1042 ab
1110 985 1242 1044 omnibus
1270 1003 1306 1045 ue
1320 1004 1365 1046 re·

137 1055 254 1126 etoquia
267 1057 369 1132 tegere
385 1053 429 1112 rei
454 1053 554 1112 audire
571 1051 623 1110 nisi
641 1051 727 1110 etiam
785 1057 913 1114 trabatur
926 1059 969 1114 vel
983 1055 1287 1130 impediatunavertit.
1298 1059 1363 1119 Esto

137 1131 338 1199 compleantur
348 1125 580 1199 operezquoniam
593 1123 728 1184 Dominus
759 1125 848 1199 ¹talis
871 1131 1050 1203 peregrinus,
1080 1131 1109 1188 et
1136 1133 1286 1202 apparebit
1312 1127 1363 1190 tibi

136 1213 198 1256 non
212 1204 255 1256 est
270 1197 400 1272 cognitus
415 1197 482 1255 dum
509 1199 684 1270 toqueretur,
699 1201 728 1254 et
759 1230 761 1267 ,
785 1197 933 1270 cbristus;
950 1207 979 1258 et
992 1202 1052 1258 baec
1067 1199 1121 1258 tria
1132 1199 1218 1260 iaciet
1234 1201 1298 1273 tibi,
1311 1201 1364 1262 sic·

136 1269 331 1344 dignatusest
347 1269 477 1342 cognosci
494 1269 562 1327 durn
590 1267 725 1342 pascitur.
759 1284 761 1333 t
786 1277 816 1329 ut
835 1273 901 1330 terit
920 1275 950 1330 et
968 1271 1024 1330 itbs
1042 1269 1152 1330 duobus
1178 1277 1362 1348 peregrinis:

139 1343 208 1399 Pius
232 1348 329 1399 autem
357 1348 386 1399 ct
406 1340 566 1399 mi-cricors
592 1341 728 1424 Dominus
759 1362 761 1421 p
785 1351 898 1416 tempus
924 1343 1084 1414 abbreviat,
1108 1360 1158 1412 per
1185 1345 1269 1404 dutrs
1297 1349 1363 1406 vite

140 1413 209 1470 fidei
224 1413 344 1472 istorum
369 1412 507 1471 subvenit.
529 1429 600 1497 quite
616 1411 728 1470 misert-

141 1487 243 1543 cordes
257 1485 374 1560 reperit,
390 1485 488 1556 cisque
505 1483 728 1542 misericordiam

141 1557 291 1630 impendit.
306 1560 377 1615 Hinc
391 1573 460 1630 ergo
474 1573 646 1629 cognoscere
661 1573 728 1628 pos-

142 1645 250 1696 sumus,
263 1629 339 1702 quod
350 1629 422 1686 tides
436 1628 497 1686 siue
510 1627 644 1700 operibus
657 1645 731 1686 mor-

141 1706 192 1758 tue
206 1708 259 1770 est,
275 1701 341 1773 quia
367 1703 526 1766 Dominum,
543 1716 628 1771 quem
645 1699 731 1756 disci·

144 1771 202 1855 pnti
217 1789 268 1830 nec
281 1789 314 1830 ex
328 1771 448 1840 visione,
463 1787 515 1829 nec
530 1787 566 1854 ⁰¹.
578 1771 731 1854 scripturae

144 1844 390 1917 interpretatione,
410 1852 439 1900 et
457 1850 647 1916 expositione
665 1859 731 1916 rog·

145 1923 296 1987 noverant,
313 1931 378 1973 mox
394 1921 424 1972 ut
444 1931 529 1988 opere
544 1915 620 1986 quod
639 1917 731 1972 Sacrae

145 1990 298 2061 Scripturae
327 1986 511 2060 precipiunt,
541 1986 731 2059 perfecerunt,

143 2077 209 2118 eum
227 2065 253 2118 tu
270 2057 409 2118 fractione
426 2059 508 2131 penis
521 2063 728 2128 cognoverunt.

142 2131 293 2190 Audieudo
308 2132 470 2202 Scripturas
478 2136 506 2186 et
516 2133 657 2202 praccepta
669 2129 731 2200 Dei,

143 2203 299 2262 ittumrnari
319 2220 376 2260 non
391 2209 475 2272 sunt;
503 2201 643 2268 iaciendo,
659 2201 733 2258 sciti·

143 2282 190 2334 cet
205 2280 297 2350 ipsum
312 2275 452 2332 trahendo
466 2273 503 2332 ad
522 2271 688 2346 hospitium,
704 2277 733 2330 et

142 2349 315 2431 apponendo
342 2349 449 2414 cibum,
475 2344 626 2402 ittuminati
655 2351 731 2414 sunt,

142 2435 212 2492 quta
238 2437 294 2476 uon
314 2419 456 2475 auditores
471 2420 562 2488 bepis,
581 2418 629 2474 sed
642 2419 732 2487 fecte·

145 2508 188 2548 res
210 2491 442 2564 justificabuntur
470 2491 547 2562 opud
571 2493 664 2548 Deum.
702 2491 733 2546 ln

147 2564 283 2648 operibus
297 2579 366 2635 ergo
382 2559 497 2646 pietatis
523 2566 551 2618 et
571 2559 732 2618 misericor·

148 2635 212 2698 diac.
230 2641 261 2692 ut
272 2635 300 2692 in
315 2633 506 2704 hospitatitate
516 2641 545 2690 et
557 2631 733 2706 hujusmodi,

147 2708 270 2776 amptius
294 2705 477 2778 cognoscitur
502 2707 587 2774 Deus,
605 2721 689 2778 quarn
705 2703 734 2761 iu

149 2781 282 2846 tectione,
303 2777 505 2852 disputatione,
522 2781 550 2834 et
574 2777 734 2849 Scriptura·

149 2867 212 2909 cum
223 2850 409 2923 expositione.
424 2849 618 2907 Veritasenim
633 2848 733 2905 metius

149 2923 305 2994 operando,
325 2937 410 3006 quam
436 2919 579 2979 audiendo
603 2919 736 2992 intcttigi·

149 3001 197 3053 tur
210 3013 217 3064 ;
233 3001 262 3052 et
273 2997 376 3052 metius
389 2993 451 3068 ipso
464 3009 563 3067 opere,
575 3008 660 3066 quam
675 3007 737 3050 ver·

149 3067 185 3124 bo
200 3069 409 3126 manifestatur.

186 3163 201 3212 7
217 3139 311 3197 usses
331 3155 475 3196 cesanum
493 3153 590 3206 susus,
609 3153 672 3194 roso
688 3151 736 3192 η-

149 3227 263 3268 usouun
278 3227 456 3268 cosonrones
479 3227 633 3267 suracusas
656 3223 739 3264 osse·

786 1415 975 1486 colloquium
989 1417 1064 1474 viam
1086 1414 1211 1485 instruit,
1224 1417 1296 1476 dsrts
1316 1433 1362 1478 ve-

786 1503 849 1544 rum
862 1485 1035 1545 intellectum
1048 1505 1055 1556 ;
1068 1485 1178 1558 uttino,
1194 1503 1266 1562 pena
1277 1491 1363 1550 beus-

787 1558 863 1615 dicto
881 1564 909 1616 et
927 1561 1129 1632 perseipsum
1152 1559 1252 1626 tracto,
1272 1561 1364 1620 reiicit

788 1630 922 1687 affectum
937 1648 943 1687 :
959 1636 988 1688 et
999 1631 1062 1702 boc,
1073 1630 1096 1688 si
1110 1631 1257 1705 compellis
1271 1632 1363 1706 ipsum

789 1718 819 1759 se
833 1702 944 1772 longius
959 1702 1002 1760 ire
1017 1705 1180 1775 tingentem,
1197 1719 1312 1762 manere
1325 1709 1365 1763 te·

789 1789 862 1830 crim.
880 1775 934 1831 Per
950 1775 1019 1831 istos
1035 1773 1202 1845 discipulos.
1220 1780 1320 1834 euntes
1335 1775 1365 1835 iu

789 1847 932 1908 Emmaus.
946 1844 1095 1919 signantur
1106 1846 1232 1905 veientes
1247 1847 1367 1922 impiere

789 1917 909 1974 consitio
933 1917 1057 1986 Domini,
1075 1920 1142 1992 quie
1160 1920 1294 1978 Emmaus
1317 1919 1366 1978 in-

790 1995 963 2061 torpretatur
976 1991 1143 2046 desiderium
1162 1993 1281 2050 constiti.
1303 1991 1368 2064 qui·

791 2059 844 2117 bus
861 2061 997 2118 Dominus
1022 2075 1098 2134 saepe
1128 2075 1178 2120 sna
1205 2061 1367 2122 visitatione

791 2131 926 2202 dignator
941 2147 1092 2204 apparere.

826 2204 990 2261 scissurus
1008 2221 1043 2262 ss
1062 2221 1156 2262 occurs
1173 2222 1368 2266 orsctruuoamr

791 2292 946 2332 creussen.
963 2307 998 2318 -
1013 2277 1074 2333 Nou
1095 2284 1190 2334 autem
1211 2278 1287 2336 dedit
1313 2280 1367 2337 Do-

791 2346 885 2404 minus
904 2347 965 2404 istis
981 2346 1126 2421 discipntis
1145 2350 1204 2406 suis
1218 2353 1286 2408 tunc
1306 2367 1368 2408 ma·

790 2433 875 2490 gnam
889 2418 933 2476 sui
957 2421 1079 2490 copiam,
1100 2420 1254 2479 sedetiam
1293 2439 1368 2481 orre-

791 2498 836 2548 cto
860 2507 945 2564 pane,
959 2493 1019 2564 ipse
1031 2497 1143 2550 monuit
1160 2495 1195 2549 ab
1218 2439 1305 2552 seniis
1323 2511 1367 2552 eo·

791 2579 863 2626 mm,
890 2570 920 2620 ut
945 2579 978 2620 er
997 2563 1205 2636 boc‘ipsornm
1232 2571 1369 2634 argueret

791 2635 939 2704 attactum3
956 2633 1039 2692 simoi
1055 2637 1210 2694 ostendens
1221 2653 1252 2697 se
1263 2653 1369 2712 corpus

790 2709 947 2779 gloriosum
973 2707 1090 2775 babere,
1103 2709 1179 2780 quod
1198 2725 1251 2782 por
1274 2713 1370 2768 dotem

791 2777 928 2850 agilitatis
954 2781 1048 2836 subito
1074 2785 1168 2852 potest
1193 2783 1369 2855 disparere:

792 2851 1014 2908 subtrahebatur
1032 2851 1196 2909 carnatibus
1207 2853 1296 2910 ocutis
1311 2869 1373 2926 spe·

792 2921 849 2978 cies
864 2921 1051 2990 infirmitatis,
1066 2927 1097 2978 ut
1114 2923 1257 2982 mentibus
1271 2939 1372 2982 eorum

793 2994 932 3076 inciperet
957 3007 1096 3121 asparem
1114 2993 1207 3078 gioria
1233 2997 1373 3056 Resurre-

793 3071 905 3122 ottonis.
925 3065 965 3122 Un
989 3083 1015 3133 e,
1025 3079 1086 3137 Jem
1100 3071 1170 3124 carn
1188 3081 1253 3124 eum
1278 3083 1373 3126 resur·

793 3136 910 3204 rasisse,
926 3137 1059 3193 dicerent
1074 3137 1112 3194 od
1125 3141 1242 3196 rasuera
1255 3157 1264 3196 .·
1278 3142 1374 3200 donna

793 3225 839 3265 cor
851 3213 975 3266 nostrum
985 3209 1086 3264 arderes
1101 3211 1200 3266 eratin
1218 3211 1308 3274 setis.
1321 3211 1375 3269 sci·

145 3299 208 3342 sus.
228 3311 264 3327 -
296 3285 353 3341 Itos
372 3299 442 3356 ergo
467 3285 515 3355 qui
536 3279 682 3355 peregrini
707 3277 736 3336 iu
793 3279 859 3337 ticet
884 3279 987 3338 ardore
1001 3277 1139 3348 caritatis,
1157 3281 1224 3337 dum
1248 3283 1375 3354 toquere·

147 3355 204 3413 hoc
225 3357 332 3412 mundo
353 3369 472 3419 snmus;
489 3353 625 3426 quianon
652 3353 735 3408 bube-
796 3359 842 3408 tce·
855 3354 885 3408 in
899 3353 956 3415 vio.
972 3357 998 3408 et
1018 3355 1139 3424 aperiret
1157 3353 1237 3410 nobb
1250 3355 1377 3427 Scriptu-

147 3443 210 3484 ssus
231 3430 276 3483 bie
293 3433 499 3499 pennanentsm
524 3423 736 3490 ciottetem,sed
792 3439 850 3488 rus,
867 3439 920 3480 nos
947 3425 1116 3480 instruendo
1136 3439 1171 3481 ex
1193 3423 1258 3482 cist
1279 3426 1373 3494 Qunrs

149 3501 277 3568 luuram
295 3502 476 3570 inquirimus,
496 3497 521 3554 si
546 3495 736 3567 spiritualiter
793 3511 858 3552 eum
873 3511 929 3553 non
946 3495 1113 3578 tenuimus?
1128 3499 1221 3564 Quare
1234 3497 1270 3556 ad
1283 3497 1374 3580 pedes

152 3572 182 3626 in
199 3569 281 3627 nobis
295 3571 434 3628 babemus
449 3585 516 3641 que
538 3567 569 3626 in
593 3585 624 3626 sa
649 3569 736 3624 habe¹
793 3569 854 3640 ejus
864 3583 918 3626 non
928 3567 1375 3637 corruimusiouarenobtsmet·

153 3641 227 3700 baut
255 3642 302 3698 isti
328 3641 486 3715 peregrini,
512 3639 568 3698 erit
598 3639 739 3697 Dominus
794 3639 906 3712 ipsrsct
924 3637 1377 3699 cordibusnostrisoonrredtdi·

154 3729 252 3770 comes
275 3713 385 3771 itineris
403 3711 503 3772 nostri.
522 3711 667 3784 Peregrini
689 3709 737 3768 isti
794 3713 878 3768 mus?
892 3711 944 3768 tibi
959 3727 1025 3768 curn
1042 3712 1229 3784 quaternus?
1244 3711 1294 3772 Ubi
1310 3727 1376 3772 enm

154 3785 337 3853 laborabant,
352 3785 422 3858 quia
434 3783 631 3850 ambutabunt,
643 3782 738 3839 trista·
793 3781 998 3840 inveniemus?
1017 3783 1072 3840 Pet·
1086 3785 1173 3855 quod,
1187 3789 1219 3842 ut
1232 3784 1300 3842 dicit
1314 3785 1379 3844 Ori·

156 3857 272 3918 bantur.
288 3863 316 3913 et
332 3858 368 3914 de
386 3859 498 3916 cbristo
512 3857 736 3912 contabuiaban·
792 3859 1023 3924 emesinorum
1041 3855 1117 3928 quod
1138 3855 1243 3928 protei
1265 3873 1379 3916 sesom-

155 3931 215 3996 tur;
233 3929 282 3986 sed
301 3929 432 3988 cbristus
455 3943 488 3985 se
510 3926 553 3984 eis
569 3927 675 3999 jungit,
690 3941 740 3982 cor
793 3941 844 3984 nes
863 3941 881 3982 a
900 3925 1068 3994 salvatore,
1082 3929 1279 3986 accendebant
1300 3927 1380 3986 audi·

155 4000 395 4070 ucit‚Scrioturas
407 3999 501 4074 aperit
529 3999 641 4070 tongins
655 3997 738 4054 seire
793 3997 900 4054 entium
917 4001 1010 4054 corad
1024 4013 1157 4056 amorem
1170 3999 1308 4058 divinum,
1325 4001 1380 4059 Un-

155 4071 239 4145 tingt
266 4071 295 4131 Si
312 4075 383 4130 tates
399 4087 539 4140 essemus,
553 4070 659 4126 sedicet
673 4087 681 4125 :
695 4069 738 4126 ia·
793 4069 828 4126 ds
842 4075 882 4125 at
897 4070 1066 4136 Greportus:
1082 4093 1094 4122 ι
1113 4071 1149 4128 Es
1162 4072 1260 4130 autito
1275 4073 1380 4146 quippe

156 4143 298 4210 borando,
311 4143 736 4222 c·»ntraareidiamaristeneto,
794 4157 927 4198 sermone
943 4141 1098 4200 inardescit
1116 4144 1240 4214 animus,
1256 4143 1382 4217 terporis

155 4225 257 4274 eontra
272 4231 377 4273 sanam
402 4217 549 4284 letitiam,
565 4217 601 4271 de
625 4215 739 4270 Christo
794 4213 884 4283 tricus
900 4229 965 4271 rece
976 4213 1018 4282 tit,
1029 4214 1151 4272 sstmeos
1164 4215 1383 4288 insuperoode·

154 4290 379 4356 eontabutamto,
398 4295 500 4346 eontra
517 4287 737 4356 vanitoqutumz
794 4284 901 4342 siderio
926 4289 1054 4356 antias
1073 4285 1308 4358 mneupboeuuts
1322 4293 1381 4344 ter·

155 4361 369 4422 mmmmm
385 4377 417 4418 ss
431 4359 515 4418 uobis
526 4361 674 4442 iungere,
689 4371 740 4415 sor
794 4357 871 4414 renis
893 4357 1006 4428 eliens,
1028 4357 1131 4416 andire
1146 4358 1259 4416 sititet
1292 4371 1381 4418 rese·

157 4431 741 4507 memsar'ptsmspenrew
795 4427 1256 4504 pusoetoemmotmusts
1371 4451 1384 4478 ο
1474 4459 1480 4475 =
