2974 5040
235 391 264 442 bt

235 495 440 566 reinducndns3
451 500 479 552 et
489 494 553 554 ideo
564 493 711 566 signanter
724 495 763 553 ibi
773 495 817 552 di-

236 573 311 626 ctum
323 575 377 638 est,
391 567 467 640 qnod
480 573 615 623 cenernnt
629 583 699 632 eum,
713 567 760 624 bic
771 584 818 626 au·

237 645 294 698 tem
305 639 409 696 dicitnr
420 639 496 711 qnod
505 640 731 710 exspoliaverant
745 655 817 712 eum,

233 712 314 786 quasi
330 725 485 782 numquam
495 709 618 782 amplius
631 712 818 769 vestesreha·

234 779 819 842 bitonum.-Erhocarticulodocumente

236 860 353 928 possunt
366 853 468 924 accipi,
479 856 552 910 sicut
562 871 594 910 ex
607 853 666 910 illo.
681 858 761 922 ltem,
773 861 818 912 est

235 928 450 993 documentum,
467 926 543 997 qnod
559 942 609 982 nos
621 926 817 983 debemusnu·

235 998 297 1056 daei
321 1000 357 1054 ab
381 999 515 1054 omnibus
540 999 625 1054 rebus
650 1005 679 1054 et
704 999 816 1054 actibus

567 389 725 444 SCCb'bllAE
753 384 873 446 Pthiis
901 391 1006 446 tnrbt
1034 390 1124 447 txttt

873 496 1046 564 abomino,
1067 497 1137 569 quid
1161 497 1190 556 in
1217 497 1350 566 omnibus,
1375 516 1419 570 qne

875 569 1017 640 pronubis
1031 569 1156 640 pertulit,
1170 569 1292 628 maxime
1302 571 1421 634 doluisset

874 641 1022 712 respondit
1038 658 1044 696 :
1062 641 1142 708 Quod
1159 642 1187 698 in
1212 659 1295 699 eruce
1317 649 1421 700 extensos

874 711 924 780 ini,
932 711 972 770 ita
982 713 1059 786 quod
1071 713 1244 771 omniaossa
1255 730 1316 790 mea
1326 715 1424 771 dinone·

873 783 931 840 rari
947 791 1094 856 poterant;
1109 791 1138 842 et
1152 785 1323 867 quicumque
1335 802 1379 857 pro
1390 785 1424 840 ilio

873 855 973 913 dolore
990 855 1058 912 mihi
1080 856 1188 928 gratias
1209 865 1310 931 egerit,
1325 855 1360 914 ita
1380 873 1425 928 gra·

873 931 934 983 tum
959 928 1127 998 obsequium
1148 927 1221 984 mihi
1247 927 1426 1001 praestabitur

872 1000 895 1054 si
908 1003 1006 1056 omnia
1018 1001 1137 1056 vulnera
1150 1015 1216 1057 mea
1228 1007 1367 1084 unguento
1378 1015 1426 1056 sua-

233 1069 397 1138 mundanis,
414 1071 498 1126 saluti
519 1074 624 1124 nostras
651 1069 815 1138 contrariis,
873 1069 989 1126 sissimo
1003 1070 1146 1128 deliniret.
1162 1103 1198 1113 —
1213 1075 1252 1128 Ex
1268 1079 1321 1128 isto
1335 1071 1427 1128 articulo

236 1147 276 1212 ut,
302 1143 461 1198 secundum
482 1143 688 1212 Hieronymum,
708 1141 815 1198 nudam
846 1168 848 1177 ·
872 1141 1046 1198 extensionis
1068 1142 1097 1198 in
1115 1159 1199 1201 cruce
1219 1149 1367 1201 sumuntur
1385 1141 1424 1198 duo

233 1213 423 1271 crucemoudi
439 1227 604 1284 sequamur.
618 1214 700 1279 ltcm,
716 1213 815 1270 estdo-
846 1238 848 1284 5
872 1213 1054 1270 documenta.
1070 1214 1197 1272 Primum
1211 1222 1267 1284 est,
1279 1215 1427 1287 quodem

234 1291 410 1352 cementum,
428 1284 505 1356 quod
524 1287 547 1340 si
566 1299 651 1355 quem
675 1284 814 1341 Christia-
846 1312 848 1329 ι
872 1285 970 1342 onrnia
995 1287 1124 1342 membra
1141 1293 1170 1343 et
1196 1304 1308 1359 organa
1330 1283 1427 1354 corporis

233 1373 301 1414 num
318 1356 465 1426 contingat
483 1372 500 1411 a
520 1355 704 1428 predonibus
728 1355 817 1412 resti·
845 1387 848 1417 t
872 1357 963 1414 nostri
979 1357 1132 1414 extendere
1152 1359 1295 1417 debemus
1320 1357 1347 1414 in
1363 1359 1428 1414 ohse-

233 1431 286 1486 bus
301 1427 361 1486 suis
375 1426 719 1501 spoliari,recordetnret
732 1429 814 1485 Chri·
845 1426 848 1451 '
872 1427 971 1499 quium
992 1429 1122 1486 Christi:
1143 1445 1249 1488 manus
1276 1429 1426 1487 videlicetet

231 1505 306 1558 etum
320 1517 337 1558 a
349 1497 632 1557 suiscrucillxoribus
644 1499 812 1571 spoliatum
872 1499 989 1558 brachia
1013 1500 1050 1557 ad
1072 1501 1292 1574 operationem,
1314 1501 1390 1574 pade
1402 1497 1427 1554 al

232 1579 261 1630 et
286 1573 342 1629 erit
368 1571 422 1628 sibi
451 1569 571 1628 materia
600 1571 754 1654 patientie.
780 1602 814 1614 -
845 1571 1104 1650 lamhulationcm,
1132 1589 1228 1646 genua
1254 1575 1291 1631 ad
1317 1569 1427 1631 adoratio·

228 1642 816 1711 lldconiormandumseburcartrculo,re·
845 1664 847 1713 ς
872 1659 949 1714 nem,
965 1658 1064 1701 omnes
1081 1661 1194 1717 quoque
1216 1662 1317 1703 sensus
1334 1645 1366 1701 ad
1380 1657 1424 1698 suo·

229 1719 405 1772 memoretur
422 1715 507 1770 bomo
523 1711 712 1769 substantiam
734 1719 814 1772 actus
845 1720 847 1745 ¹
870 1730 935 1772 rum
947 1722 1063 1772 actuum
1078 1723 1426 1775 sanctametcastamexer·

230 1784 354 1862 articuli,
369 1789 398 1840 et
421 1791 494 1852 oret,
514 1781 634 1840 dicendo
654 1786 750 1854 :teste
765 1787 815 1857 qut
845 1758 847 1823 i
871 1786 1048 1858 citationem,
1068 1793 1099 1844 nt
1114 1788 1258 1859 possimus
1278 1788 1367 1846 dicere
1380 1797 1424 1842 cue

229 1863 295 1914 onte
320 1873 426 1913 crucem
462 1855 583 1912 vestibus
611 1857 764 1928 ecspottart
789 1862 815 1913 et
845 1846 847 1881 ¹
872 1857 1022 1916 Psalmista
1039 1877 1047 1916 ι
1063 1859 1163 1916 Omnia
1176 1877 1242 1917 ossa
1261 1877 1321 1916 men
1338 1860 1425 1916 meent:

226 1930 332 1986 nudari
354 1931 479 1998 noluisti,
496 1931 543 1997 see
569 1943 612 1983 me
630 1929 665 1984 ab
687 1929 814 1985 omnibus

227 2001 379 2059 mundanis
401 2001 493 2068 rebus,
511 2003 541 2056 in
563 2006 699 2072 qnantum
718 2007 814 2058 contra
845 2057 847 2073 ¹

844 2081 847 2157 t
891 2073 948 2129 uod
967 2072 1108 2146 religiosae
1132 2081 1161 2132 et
1187 2075 1300 2133 devote
1322 2083 1424 2146 persone

226 2145 814 2216 tenesnudemerectficnmetnndomcru·
844 2089 913 2238 pq·
1400 2211 1404 2221 Ι

844 2246 847 2286 t
870 2215 1012 2288 primitias
1027 2217 1147 2277 Domino
1166 2219 1284 2276 olierre.
1302 2219 1358 2274 llox
1372 2224 1425 2270 enin

226 2076 344 2131 salutem
364 2090 451 2130 mecm
477 2077 552 2144 sunt,
579 2073 725 2142 denodari,
744 2087 814 2144 qua·

226 2235 282 2276 cem
295 2219 387 2274 nudes
398 2234 507 2288 sequor.

263 2295 279 2345 5
296 2291 431 2346 Excansxo
444 2291 554 2346 Cenisxx
573 2306 601 2344 ns
615 2306 709 2356 cauce,
730 2305 813 2345 nocu-

229 2378 319 2418 xenrn
334 2377 387 2417 neo
404 2377 437 2415 ax
458 2378 501 2427 en,
517 2377 599 2415 ncces
615 2377 815 2416 consenuerin-

230 2449 274 2488 ms
289 2447 321 2486 er
336 2448 444 2486 orario.
461 2459 496 2472 -·
512 2430 620 2486 Deinde
637 2430 756 2501 cripitur
769 2432 813 2487 lu-

229 2501 352 2558 ribuode
366 2501 453 2557 Filius
464 2501 499 2556 de
510 2499 644 2556 manibus
658 2501 814 2559 Matrisdo·

231 2575 334 2630 lorosae
354 2588 413 2628 non
437 2571 499 2628 sine
522 2571 634 2640 magnis
655 2573 812 2642 doloribus,

233 2643 398 2716 gemitibus,
410 2647 439 2698 et
451 2641 594 2711 suspiriis;
608 2648 637 2699 et
652 2642 768 2700 ducitur
777 2645 813 2702 ad

233 2723 355 2774 mortem
373 2714 474 2772 crucis.
498 2717 531 2770 Et
551 2713 643 2771 nudus
667 2731 752 2786 super
772 2716 813 2772 li-

233 2803 320 2860 gnum
335 2786 437 2854 crucis,
454 2803 517 2858 quae
536 2784 567 2843 in
591 2792 669 2843 terra
683 2793 745 2844 erat
761 2803 812 2859 po·

232 2863 297 2928 sita,
314 2858 376 2916 dire
402 2859 557 2932 prejectus,
582 2859 738 2916 crudeliter
763 2877 813 2916 ex-

231 2947 337 3004 pansus
351 2935 380 2987 et
393 2937 510 3002 tractus,
521 2929 699 2987 strictissime
713 2929 743 2986 in
756 2947 814 2988 mo·

230 3004 299 3061 dum
320 3001 400 3073 peltis
425 3001 491 3058 hinc
517 3002 582 3058 inde
605 3008 649 3058 cst
667 3009 811 3060 extensus.

230 3074 339 3135 Dicitur
364 3073 452 3144 enim,
472 3073 548 3146 qnod
573 3073 716 3130 foramina
736 3074 813 3131 iece-

229 3153 296 3207 runt
316 3147 394 3220 prius
413 3145 441 3203 in
457 3162 551 3216 cruce,
566 3151 595 3202 et
612 3145 678 3217 quia
694 3145 813 3204 brachia

229 3228 258 3280 et
278 3219 364 3292 pedes
389 3217 494 3288 Christi
513 3235 570 3276 non
592 3223 726 3289 poterant
740 3218 812 3274 lora-

230 3295 307 3351 mina
329 3291 481 3363 attingere,
501 3289 566 3346 ideo
589 3289 683 3363 ligatis
697 3289 811 3346 lenibus

194 3425 204 3440 ,
229 3367 258 3421 in
277 3364 400 3421 brachiis
414 3369 443 3419 et
457 3361 577 3434 pedibus
592 3366 701 3418 metum
718 3366 810 3418 traxe·

231 3441 309 3502 runt,
324 3451 358 3490 ac
374 3434 471 3490 dulces
495 3447 596 3488 manns
615 3437 644 3487 et
663 3433 751 3503 pedes
771 3435 811 3490 ita

227 3507 362 3562 atrociter
390 3503 588 3569 extenderunt,
609 3503 685 3574 quod
711 3519 810 3560 omnes

225 3577 367 3649 juncturae
388 3573 495 3631 ossium
514 3572 689 3630 dinumerari
709 3581 808 3645 potue·

227 3652 304 3716 runt,
316 3647 397 3718 juxta
424 3645 494 3702 illud
522 3643 678 3702 Pertinace
693 3662 699 3700 :
717 3649 808 3726 ltine-

229 3722 405 3774 merouernnt
423 3718 515 3774 omnin
535 3732 599 3774 ossa
623 3733 694 3786 meo,
716 3717 745 3773 rd
766 3723 809 3774 est

227 3789 446 3846 dinumerabilia
461 3789 610 3855 lecerunt;
629 3788 687 3856 ubi,
704 3805 806 3846 secun-

228 3861 297 3918 dum
312 3861 553 3930 Annestinem,ad
564 3859 688 3917 litteram
699 3859 805 3917 descri-

227 3933 304 3990 bitur
318 3935 444 3988 extensio
462 3931 589 4003 corporis
603 3931 706 3990 Christi
723 3931 751 3988 in
770 3931 806 3988 li-

224 4021 293 4088 gno,
311 4019 362 4060 nec
376 4009 488 4074 poterat
501 4005 601 4060 melius
613 4002 737 4078 describi
751 4003 804 4059 liu-

221 4094 268 4150 Jus
296 4074 433 4132 extensio.
465 4077 529 4131 llaec
558 4078 653 4130 autem
677 4073 805 4132 extensio

225 4147 346 4206 inultum
372 4161 489 4217 prenosa
514 4144 578 4213 luit,
596 4153 625 4201 et
650 4145 803 4204 maximum

222 4221 349 4279 dolorem
360 4216 471 4276 Christo
483 4215 585 4273 intuta.
598 4216 677 4274 Unde
690 4215 803 4289 legitur,

221 4293 297 4366 quod
321 4305 385 4348 cum
402 4289 533 4362 quaedam
551 4287 654 4344 devota
670 4304 801 4360 persona,

219 4365 249 4422 in
265 4363 388 4438 quadam
414 4363 588 4420 revelatione
609 4357 802 4432 interrogaret

844 1900 847 1981 i
870 1931 993 1999 Domine,
1010 1934 1074 2002 quis
1088 1933 1191 1987 similis
1205 1935 1281 1989 tihi?
1297 1932 1368 1988 Unde
1381 1929 1425 1984 Cas·

869 2003 967 2058 sinnas
978 2001 1007 2057 in
1018 2001 1217 2060 collationibus
1231 2008 1345 2060 Petrum
1356 2001 1424 2060 dont

891 2145 977 2201 ebent
990 2145 1117 2204 omnium
1131 2149 1327 2205 membrorum
1336 2153 1424 2202 suomn

871 2295 902 2343 ut
920 2303 1055 2345 asumnn
1071 2289 1182 2346 excitati
1207 2289 1246 2348 de
1273 2291 1370 2348 lectulo
1385 2297 1426 2340 ser
1456 2321 1457 2348 i

870 2360 1006 2428 rexerint,
1018 2359 1124 2418 debent
1139 2361 1299 2432 primooris
1312 2358 1426 2427 eltinge

870 2436 951 2487 motu
967 2431 1075 2488 orando
1100 2433 1197 2490 landes
1214 2435 1274 2491 Deo
1289 2429 1425 2492 offerrattl
1456 2471 1457 2491 .

870 2501 1037 2574 priusquam
1052 2504 1182 2562 membra
1200 2505 1299 2577 aliquo
1320 2517 1366 2560 suo
1382 2498 1426 2554 len·

845 2628 847 2637 .
870 2579 974 2644 gantur
988 2573 1094 2644 oihcio,
1111 2575 1186 2633 circa
1200 2592 1301 2634 curam
1316 2573 1354 2631 rei
1367 2565 1424 2626 lani-

870 2643 961 2713 liaris,
979 2647 1085 2703 debent
1103 2664 1138 2704 ea
1151 2648 1187 2704 ad
1202 2647 1302 2706 divina
1314 2638 1424 2712 obsequia

870 2717 1023 2774 extendere
1039 2725 1142 2788 :caput
1156 2726 1185 2776 et
1198 2719 1302 2778 taciem
1315 2731 1372 2774 cnm
1383 2725 1423 2768 ou·

869 2787 956 2845 nibus
978 2789 1109 2847 sensibus
1135 2791 1172 2848 ad
1192 2793 1300 2850 coelum
1319 2783 1423 2847 levando.

869 2875 971 2916 manus
986 2861 1022 2918 ad
1040 2862 1128 2918 heum
1144 2861 1172 2918 in
1188 2864 1319 2921 oratione
1334 2859 1422 2917 aleran

869 2931 916 3000 do,
931 2923 1050 2989 brachia
1066 2932 1093 2988 in
1109 2934 1225 2991 modum
1244 2933 1334 2992 crucis
1347 2939 1423 3000 expet·

868 3002 973 3072 dendo,
989 3020 1083 3076 genua
1110 3005 1148 3062 ad
1175 3006 1336 3064 orationem
1357 3003 1424 3058 ineur-

868 3077 973 3144 vando,
994 3081 1085 3132 totum
1109 3092 1214 3150 corpus
1242 3095 1320 3136 nunc
1336 3069 1423 3130 shodt.

869 3162 943 3204 nnnc
957 3146 987 3202 in
1010 3153 1117 3204 terram
1136 3151 1173 3204 ad
1188 3149 1303 3207 veniam
1318 3149 1423 3222 prestet·

868 3217 1048 3287 nendo,cum
1065 3220 1204 3276 reverenti
1216 3227 1244 3278 et
1260 3221 1424 3292 honestantu-

868 3287 947 3346 nium
968 3291 1173 3360 membrorum,
1190 3296 1219 3349 et
1243 3292 1345 3350 virium
1360 3291 1425 3366 bitti

866 3359 995 3444 corporis
1019 3362 1194 3433 extensione,
1215 3368 1244 3421 et
1258 3357 1424 3436 spiritualium

867 3449 970 3490 virium
986 3433 1143 3492 intentione
1167 3434 1196 3491 in
1211 3438 1375 3492 sacriticiem
1386 3441 1424 3498 Jtt·

865 3504 949 3562 stitiae
971 3505 1029 3561 [leo
1058 3506 1216 3564 ollerendo.
1233 3539 1267 3550 -
1286 3499 1422 3566 secundm

865 3575 1066 3633 documentum
1080 3586 1133 3645 est,
1149 3579 1225 3648 qnod
1245 3578 1339 3636 cordis
1355 3567 1422 3647 ..culn

864 3647 1037 3717 aspiciamus
1057 3649 1232 3708 Salvatorem
1259 3657 1380 3708 nostrum
1401 3651 1420 3692 ¹⁰

864 3735 947 3776 cruce
972 3719 1104 3792 expansis
1131 3721 1261 3779 manibus
1285 3725 1419 3780 extensum

863 3793 942 3861 quasi
959 3801 1090 3862 paratum
1107 3807 1158 3848 nos
1177 3796 1304 3866 recipere
1317 3791 1418 3848 anano

862 3878 960 3919 rosum
976 3863 1137 3934 amplexum
1161 3880 1255 3921 auum.
1278 3863 1352 3923 Unde
1372 3859 1417 3913 Aa·

859 3937 988 4002 pectines
1004 3953 1044 3990 :n
1068 3935 1197 3992 Christus
1223 3936 1345 3993 extendit
1365 3930 1415 3985 bra·

860 4005 924 4061 chia
936 4020 988 4062 sua
1001 4003 1029 4060 in
1045 4021 1138 4075 cruce,
1151 4012 1179 4064 et
1192 4009 1324 4078 expandit
1337 4009 1417 4062 manns

859 4091 926 4133 siras
949 4083 1062 4148 paratas
1090 4077 1120 4134 in
1142 4079 1287 4150 amplexus
1308 4075 1415 4152 pcccato-

859 4163 934 4204 rum.
952 4167 965 4200 e
980 4149 1058 4204 inter
1071 4149 1188 4206 brechia
1203 4149 1352 4208 salvatoris
1364 4155 1415 4202 met·

859 4224 886 4276 ct
903 4217 998 4276 vicera
1014 4219 1078 4277 volo
1093 4228 1122 4277 et
1137 4221 1210 4278 mori
1223 4221 1319 4295 cupio;
1334 4217 1366 4276 ibi
1379 4225 1415 4268 st·

858 4306 944 4349 curus
967 4293 1127 4350 decantabo
1147 4295 1310 4352 :Beattnbo
1326 4299 1362 4354 n.
1373 4287 1412 4342 ⁰⁰·

857 4365 939 4431 nilne,
956 4365 1087 4435 qnoniam
1109 4367 1255 4440 enscepntt
1278 4383 1328 4424 me.
1342 4348 1413 4414 *dd
