2974 5040
181 377 212 432 74
525 386 683 442 tutunus
709 387 828 442 ituris
853 385 960 440 ctrur
988 383 1063 440 ixit

186 493 335 566 emptoris,
350 493 393 552 rel
408 495 494 552 etiam
510 495 585 552 circa
612 511 699 566 opera
724 511 768 552 ca·
822 491 868 548 bis
880 491 971 564 spinis
982 490 1159 548 dictumerat
1171 491 1264 564 primo
1274 489 1405 548 homini:

186 561 290 622 ritatis.
319 597 353 610 -
374 567 535 626 Secundum
566 567 769 625 documentum
825 567 910 620 Tene
936 567 1035 636 spinos
1055 569 1081 620 et
1107 563 1407 633 tribulosperminobit

190 639 243 704 est,
258 637 335 708 quod
349 655 400 710 per
416 639 470 696 hoc
502 638 556 696 uod
571 637 708 696 Dominus
720 655 770 696 no·
823 637 877 692 tibi
885 654 892 706 ;
909 639 979 708 quia
994 640 1073 693 terra
1088 635 1178 692 nostri
1194 634 1327 708 corporis
1347 649 1406 707 pee-

188 711 247 766 ster
260 715 337 767 veste
349 709 439 782 regali
455 655 535 767 inqdui
551 708 647 780 voluit,
661 727 769 768 secun·
822 711 887 766 cata
905 708 1061 778 germinat,
1076 723 1139 780 quae
1148 705 1209 789 suis
1220 706 1331 790 aculeis
1345 723 1407 764 con·

188 779 256 837 dum
275 784 465 855 Theophilum,
486 783 632 850 docemur,
650 783 725 854 quod
740 787 770 841 et
823 779 974 838 seientiam
993 785 1122 836 nostram
1134 783 1207 836 sicut
1228 794 1320 850 sprnae
1334 793 1408 852 pun·

186 866 239 908 nos
247 851 345 912 babitu
357 853 462 912 mentis
474 860 555 912 veste
571 855 649 926 regia
670 851 769 912 indua·
822 857 903 925 gunt,
913 854 970 908 llas
981 867 1050 923 ergo
1064 851 1162 926 spinas
1172 850 1302 908 Christus
1315 867 1408 908 susce-

185 938 262 992 mur,
284 929 314 981 et
329 923 420 984 simus
437 941 505 982 vere
521 942 604 1000 reges
624 926 768 984 calcantes
843 921 865 980 it
886 923 1046 995 portandas
1074 939 1126 996 pro
1146 939 1252 980 corona
1266 921 1408 1006 victoria.

187 1009 273 1067 super
287 1003 435 1070 serpentes
450 1004 477 1056 et
492 995 667 1126 scorpiones,
683 995 713 1056 id
727 1005 769 1055 est
821 940 1014 1054 1§olentenin
1034 993 1157 1052 victores
1173 1009 1256 1052 arma
1273 993 1409 1052 demeto-

187 1067 284 1124 omnis
300 1067 369 1126 vitia
384 1067 553 1154 suppeditari
569 1085 617 1139 es;
633 1069 709 1126 uude
728 1067 768 1128 dl·
822 1083 886 1124 rum
901 1065 1027 1123 bostium
1042 1081 1094 1139 pro
1107 1066 1190 1150 signo
1203 1065 1347 1124 victoriali
1363 1083 1408 1138 ge·

188 1135 282 1196 cimur
295 1139 458 1210 christiam,
473 1139 503 1198 id
524 1145 568 1199 est
588 1140 668 1200 uncti
686 1139 768 1224 quasi

186 1225 280 1280 reges.
296 1241 330 1256 -—
345 1211 389 1270 lid
411 1211 648 1272 conformandum
674 1229 705 1270 se
720 1211 767 1270 istr

194 1280 313 1340 articulo
328 1289 356 1340 et
376 1301 406 1342 se
428 1289 485 1342 tem
502 1283 688 1357 sequentibus
702 1283 768 1342 illu·

187 1353 297 1410 sionum
318 1301 454 1424 artirufis,
473 1357 611 1430 recogitet
624 1355 710 1414 bomo
726 1356 768 1414 is·

186 1431 262 1482 ctum
273 1425 424 1499 cujuslibet
434 1427 545 1486 articuli
554 1444 617 1486 cum
629 1444 767 1500 aggrava-

187 1495 313 1556 tiouibus
329 1497 397 1568 suis,
417 1505 445 1556 ct
459 1505 522 1556 oret
540 1499 612 1557 sicut
631 1499 659 1556 in
676 1495 767 1572 quoli-

186 1567 234 1626 bet
247 1569 367 1628 srticulo
383 1569 496 1628 devotio
520 1570 705 1628 ministrabit.
721 1574 766 1628 Je-

184 1654 228 1704 su,
244 1641 295 1711 pot
310 1649 383 1699 veste
396 1658 541 1715 purpureo
553 1645 678 1698 illusorie
687 1643 769 1699 indui

184 1713 308 1780 uolanti,
319 1715 357 1770 do
368 1716 439 1768 milti
448 1715 544 1783 jopem
559 1719 612 1770 lua
626 1715 767 1770 Passionis

185 1786 345 1840 monoriom
373 1785 497 1855 induere,
524 1789 550 1840 et
571 1791 685 1856 peccato
708 1801 769 1844 meo

187 1857 315 1910 caritatis
327 1872 455 1928 purpura
469 1861 585 1928 operire.

222 1930 254 1994 ab
269 1927 427 1986 Cononnmo
443 1929 552 1987 Cnnrsrr
568 1946 620 1986 con
634 1947 769 1986 unusua-

186 2014 219 2054 τι
236 2015 347 2070 samso,
363 2017 426 2058 mn
445 2018 606 2058 nocuusurs
631 2019 665 2058 ax
684 2019 719 2058 sn
737 2019 769 2057 sr

185 2086 294 2128 orario.
307 2075 385 2130 -llt
394 2089 446 2146 pro
456 2071 618 2130 diedemate
630 2089 679 2131 seu
691 2089 770 2130 coro·

184 2157 222 2200 ua
230 2143 319 2218 regali
330 2143 435 2205 milites
438 2147 587 2218 plectentes
596 2143 768 2218 complican-

184 2213 233 2285 do,
244 2231 294 2273 seu
304 2215 454 2289 plicantes,
468 2217 496 2274 id
511 2223 555 2274 est
566 2221 769 2290 componentes

184 2289 381 2345 connectendo
396 2305 537 2358 corenam,
552 2287 582 2345 id
596 2295 642 2346 est
661 2293 769 2345 sertum

184 2357 350 2416 admodum
366 2375 479 2416 coronae
491 2357 604 2432 capitis,
621 2361 655 2416 de
668 2361 768 2431 spinis,

188 2428 242 2509 boe
259 2435 302 2486 est
319 2429 354 2486 de
363 2429 458 2501 juncis
474 2428 599 2502 spinosis
611 2437 640 2487 et
654 2429 769 2488 aculea-

191 2503 227 2554 trs
243 2499 325 2557 valde
339 2506 438 2558 acutos
453 2501 572 2572 angulos
586 2499 766 2572 habentibus,

184 2577 340 2644 posuerant
354 2588 437 2643 super
451 2577 534 2643 copul
548 2573 618 2643 ejus,
633 2589 768 2630 reseren-

187 2639 338 2700 dissimum
356 2648 384 2698 et
396 2639 594 2713 tenerrimum,
610 2643 718 2702 aculeis
732 2643 769 2702 ad

187 2718 272 2784 caput
285 2713 388 2784 versis,
404 2719 434 2771 ut
451 2729 537 2786 poena
547 2714 711 2787 punctionis
724 2730 770 2774 cu·

188 2785 347 2843 mutaretur
366 2785 470 2858 probro
490 2784 640 2846 irrisionis.
660 2787 712 2856 Qui
726 2794 768 2844 at-

187 2855 295 2915 tentius
309 2857 544 2916 considerassese
558 2859 665 2928 dicunt,
674 2858 770 2932 spinas

189 2927 254 2985 illas
263 2930 366 3001 juncos
380 2931 465 2986 luisce
484 2931 611 2988 marinos
626 2941 768 3001 asserunt·

187 3015 308 3072 quorum
323 3002 399 3058 acies
415 3017 472 3058 non
483 3001 578 3060 minus
597 3001 670 3061 duca
686 3011 715 3060 et
737 3018 768 3060 a·

188 3079 264 3142 cute,
280 3088 383 3146 aspera
397 3081 425 3129 et
437 3073 583 3146 pungitiva
595 3091 627 3132 ac
639 3079 770 3148 penetra·

186 3142 246 3202 tiva
257 3145 345 3217 spinis
358 3161 422 3202 esse
437 3143 550 3216 dicitur,
566 3145 595 3203 in
609 3151 721 3204 lautum
739 3149 768 3203 ut

187 3215 273 3276 etiam
289 3216 420 3276 homines
437 3217 553 3276 calceati
568 3215 691 3292 desuper
705 3218 769 3276 cal-

187 3297 283 3349 cantes
294 3291 360 3348 inde
373 3289 649 3361 vulnerantur,unde
660 3293 765 3348 Poeta:

218 3435 275 3456 .....
290 3399 326 3454 st
343 3402 426 3454 oculo
440 3397 557 3468 cuspide
565 3395 655 3467 Junci.

186 3500 466 3562 Suasissimummihi
476 3503 598 3564 cervical
607 3503 702 3562 sitilla
712 3504 768 3578 spi·

185 3573 769 3648 neacorona.Domine,capitistui‚super

186 3662 272 3718 quam
297 3645 418 3704 dulciter
436 3653 520 3718 caput
538 3663 634 3705 meum
653 3650 767 3721 requie·

182 3716 769 3778 seatlixboearticulotriabebenturdo-

184 3796 325 3848 cumenta.
339 3822 374 3834 -
388 3790 525 3860 Primum,
540 3791 616 3864 quod
630 3809 682 3850 nos
696 3808 768 3866 pec-

183 3867 246 3918 cate
262 3867 360 3920 nostra
378 3877 430 3936 per
447 3863 676 3922 recordationem
692 3880 768 3922 sem-

180 3949 233 4005 per
246 3933 277 3990 in
298 3937 395 3990 mente
412 3940 571 4006 portemus,
595 3935 667 3994 sicut
680 3936 767 3995 Chri-

181 4007 243 4062 stus
254 4003 350 4077 spinos
362 4010 545 4076 peccatorum
560 4013 724 4066 nostrorum
737 4005 767 4064 in

181 4091 234 4134 suo
251 4075 343 4148 capite
356 4075 500 4148 portavit;
518 4078 594 4150 quia,
610 4078 767 4136 secundum

180 4149 295 4219 deden,
310 4146 338 4206 iu
353 4163 461 4206 corona
481 4149 581 4222 spinea
596 4165 682 4222 quam
698 4165 765 4220 por·

181 4221 272 4291 tabat,
294 4225 457 4278 nostrorum
473 4221 616 4294 susceptio
633 4225 766 4294 peccato·

179 4309 245 4351 rum
261 4292 435 4362 ostenditur,
451 4308 574 4366 quorum
592 4292 690 4366 spinas
713 4309 765 4350 re-

181 4365 281 4438 movit,
296 4381 349 4438 per
362 4363 460 4438 spinas
483 4380 555 4438 quas
570 4363 707 4438 portavit.
723 4365 765 4422 lie

822 1143 909 1203 stare,
916 1143 945 1196 et
958 1138 993 1194 de
1007 1137 1051 1194 his
1065 1135 1195 1212 gloriari.
1205 1140 1294 1196 Arma
1306 1137 1407 1194 diabo·

822 1207 842 1266 li
862 1213 928 1268 sunt
943 1217 1059 1282 peccata
1067 1213 1177 1279 nostra,
1195 1207 1299 1282 quibus
1314 1225 1408 1268 arma·

821 1287 870 1339 tur
880 1285 1051 1351 contranos,
1065 1297 1130 1409 (puae
1144 1280 1283 1339 Dominus
1297 1280 1330 1338 in
1343 1283 1408 1340 Pas·

822 1352 902 1410 sione
922 1369 975 1411 sua
988 1354 1071 1410 abstu
1084 1351 1116 1424 it,
1138 1354 1199 1426 ipse
1216 1351 1294 1410 enim
1311 1357 1354 1410 est
1371 1353 1407 1410 A·

821 1441 892 1494 pnus
903 1427 963 1490 Dei,
979 1427 1029 1507 qai
1043 1426 1161 1482 obstulit
1170 1431 1285 1497 peccato
1296 1425 1405 1482 mandi.

822 1495 930 1554 Idcirco
944 1513 1072 1568 spineam
1087 1513 1234 1565 coronam,
1252 1501 1353 1568 utpote
1368 1493 1408 1554 si

822 1566 971 1625 ctorialem
991 1569 1021 1624 in
1045 1585 1097 1626 suo
1117 1567 1211 1640 eapite
1229 1574 1344 1640 gestare
1363 1567 1407 1625 di-

822 1643 927 1712 gnatus
940 1643 993 1696 est.
1008 1642 1040 1698 ln
1055 1639 1110 1698 ista
1121 1656 1228 1698 corona
1242 1640 1342 1698 videre
1356 1641 1409 1698 Re

821 1727 886 1782 gem
907 1717 1034 1769 nostrum
1058 1709 1251 1769 desiderabile
1270 1719 1314 1770 est
1330 1711 1409 1768 omni

821 1783 927 1840 animae
942 1781 1066 1852 amanti;
1086 1783 1162 1842 uude
1181 1784 1217 1842 ad
1233 1784 1317 1840 boos
1339 1800 1410 1840 onsa

821 1854 851 1911 in
861 1855 980 1937 ¹cantico
992 1855 1185 1925 canticorum,
1197 1871 1299 1912 omnes
1309 1797 1409 1912 tijdeles

821 1942 931 1984 ammas
948 1931 1058 1996 evocat,
1079 1925 1180 1984 dicens
1196 1943 1204 1984 ι
1220 1927 1408 1996 Ερνεάἰηιίηί,

821 1999 887 2069 filiae
900 2001 978 2067 Sion,
992 2003 1018 2056 el
1030 1999 1122 2056 videte
1133 2015 1223 2069 repom
1235 2001 1408 2058 Salomonem

821 2071 852 2128 in
862 2070 1030 2142 diedemate,
1043 2087 1096 2142 quo
1105 2073 1246 2128 coronabit
1255 2073 1337 2128 illum
1347 2088 1406 2127 mo·

823 2145 864 2198 ter
877 2157 939 2210 suo,
951 2139 1060 2200 scilicet
1073 2159 1081 2198 ι
1095 2157 1253 2226 synagoga,
1265 2147 1405 2215 quantum

823 2211 1407 2284 adlitteram;vel,rnotersuo,rdestcari-

822 2290 877 2354 tas,
893 2289 1034 2357 quantum
1048 2286 1084 2344 ad
1099 2289 1403 2358 tropumpraesentem.

824 2387 857 2398 -
870 2355 1031 2414 Secundum
1041 2355 1246 2414 documentum
1258 2362 1313 2426 est,
1325 2359 1406 2430 juxta

825 2429 1017 2500 Theophilum,
1034 2434 1065 2486 ut
1083 2433 1113 2486 et
1130 2445 1183 2486 nos
1196 2445 1345 2486 sumamus
1358 2447 1403 2486 co·

823 2515 925 2556 ronam
946 2501 1088 2572 spineam,
1111 2499 1140 2558 id
1169 2507 1212 2558 est
1237 2500 1406 2558 festinemus

823 2570 957 2628 coronari
978 2571 1037 2628 vila
1059 2575 1148 2642 arcta,
1173 2571 1358 2630 abstinentiis
1379 2577 1406 2630 et

823 2641 946 2716 puritate
960 2641 1161 2713 conscientiam
1185 2644 1231 2700 bae
1249 2644 1328 2702 enim
1344 2653 1407 2702 suut

823 2714 956 2786 quaedam
972 2713 1061 2788 spinae
1076 2721 1195 2789 propter
1208 2719 1406 2776 austeritatem

823 2801 911 2858 quam
926 2787 1044 2844 babent.
1058 2818 1096 2832 -
1108 2789 1241 2846 *tertium
1251 2787 1407 2846 documen·

822 2861 884 2914 tum
902 2862 955 2929 est,
974 2863 1007 2916 ut
1027 2863 1055 2916 et
1070 2875 1123 2916 nos
1139 2875 1277 2916 conemur
1291 2877 1408 2918 corona·

822 2929 847 2988 ri
863 2928 953 3002 spinis
967 2929 1169 2989 onuuonum.
1182 2929 1407 2998 Qualibeteuim

823 2999 1322 3076 tentationosimpugnansestquasi
1335 3019 1408 3076 quae·

822 3071 888 3130 dam
898 3073 982 3146 spina
998 3079 1082 3204 ceput
1097 3072 1200 3132 mentis
1216 3079 1324 3132 nostrae
1338 3091 1406 3148 pun·

822 3160 903 3216 gens,
919 3160 1004 3218 quarn
1041 3161 1089 3204 um
1104 3146 1191 3204 homo
1205 3151 1334 3220 superat,
1347 3146 1404 3220 spi-

822 3231 859 3274 na
871 3215 921 3273 illa
944 3215 1020 3275 cedit
1034 3215 1088 3276 sibi
1106 3217 1144 3276 ad
1158 3233 1306 3275 coronam.
1328 3217 1405 3276 Unde

822 3293 892 3360 quot
900 3287 995 3360 spinas
1006 3289 1197 3348 tentationum
1210 3291 1297 3348 bomo
1308 3289 1339 3347 in
1354 3290 1405 3346 hac

822 3359 880 3416 vita
895 3359 1017 3418 sustinet
1030 3367 1060 3418 et
1075 3369 1204 3433 superat,
1219 3365 1263 3418 iot
1276 3377 1404 3434 gemmas

821 3431 963 3504 pretiosas
976 3433 1012 3490 ad
1028 3448 1165 3490 coronam
1180 3448 1263 3490 suam
1282 3449 1418 3504 compa-2

822 3509 877 3561 rat.
890 3505 965 3574 lesu,
974 3507 1025 3576 qui
1036 3507 1127 3578 spinis
1139 3507 1268 3562 coronari
1280 3507 1405 3574 uolanti,

821 3577 869 3644 foc
896 3592 939 3632 me
960 3579 1132 3662 penitentias
1154 3579 1247 3648 spinis
1263 3577 1306 3633 sie
1325 3577 1406 3646 dipne

822 3663 979 3721 compunps,
996 3651 1059 3706 uio
1075 3653 1101 3706 le
1116 3663 1223 3705 mereor
1241 3651 1273 3706 in
1287 3649 1406 3706 ecelesii-

824 3719 873 3776 bus
892 3721 1029 3776 coronari.

862 3795 892 3848 15
920 3791 1015 3850 burun
1043 3809 1070 3848 s1
1093 3808 1230 3849 sesamon
1248 3808 1405 3860 nannenus,

822 3865 1406 3921 mmmuuwwmm-ffl

821 3950 873 4007 pro
884 3939 995 4007 sceptro
1011 3950 1125 4008 quoque
1142 3933 1244 4007 regali,
1266 3933 1405 3992 dederunt

822 4007 986 4062 arundinem
1009 4009 1038 4062 in
1053 4007 1169 4062 desiero
1184 4005 1255 4076 ejus,
1280 4007 1404 4063 dehone-

822 4083 929 4135 stantes
944 4076 1084 4136 arundine
1100 4078 1256 4148 dexteram,
1273 4095 1339 4150 quae
1353 4093 1405 4133 cce·

821 4149 880 4206 lum
892 4152 967 4222 regit
991 4157 1020 4207 et
1038 4154 1162 4220 terram3
1183 4153 1211 4208 et
1247 4165 1280 4206 er
1297 4151 1351 4206 boc
1363 4147 1405 4205 si-

821 4227 942 4292 gnantes
964 4237 1083 4294 regnum
1100 4221 1177 4294 quod
1199 4165 1254 4279 εἰξί
1280 4237 1350 4278 usur
1370 4236 1404 4277 a·

820 4291 862 4348 vit
890 4291 1010 4350 dicendo
1038 4309 1069 4351 se
1095 4293 1212 4367 Regem.
1234 4291 1338 4350 admo
1360 4307 1404 4350 um

819 4364 967 4423 arundinis
979 4381 1044 4424 esse
1061 4377 1182 4424 vacuum
1198 4368 1228 4422 et
1245 4363 1403 4436 infirmum,
