3124 5038
236 422 391 482 QUOMODO
421 423 491 473 butt.
522 422 691 474 stultitiis
718 422 804 476 sitit.
839 425 955 478 ittsttt.
987 427 1028 480 illl
1056 427 1147 481 stitit
1175 431 1282 484 tibuit.
1330 437 1376 487 itt

149 544 207 602 pre
220 526 286 585 aliis
300 526 447 596 diligebat.
461 531 490 582 et
501 524 586 582 etiam
602 525 669 596 nula
682 526 731 583 in-

147 605 192 658 ter
206 599 278 656 alliis
299 599 377 669 prior
401 603 490 654 erat:
525 601 653 654 Dominus
679 605 730 668 est,

147 673 193 728 cui
210 672 316 729 scilicet
327 677 355 726 et
370 669 461 741 pisces
475 670 619 725 obediunt.
631 672 731 726 Domi-

146 761 200 800 nus
224 743 311 808 enlm,
335 751 378 798 est
395 757 497 797 nornen
521 741 678 812 potestatis,
703 747 731 798 et

145 831 198 887 per
218 820 388 887 potestatem
410 812 438 868 in
460 811 595 868 miraculo
611 812 729 882 piscium

144 893 187 944 est
214 887 260 944 liic
288 883 494 941 maiiil'estatus.
519 885 656 952 loannes,
682 887 729 956 qui

146 965 291 1024 lamonem
310 956 400 1026 virgo,
416 954 518 1012 ceteris
534 956 631 1026 purior
658 963 729 1024 erat,

147 1039 176 1087 et
188 1027 379 1102 perspicacior
388 1027 416 1082 in
428 1028 637 1098 cognoscendo,
648 1027 731 1086 citius

145 1101 209 1158 aliis
224 1101 355 1168 cognovit
368 1097 528 1166 Christum3
543 1099 609 1171 quia
622 1099 730 1170 puritas

146 1171 250 1228 mentis
265 1177 293 1228 et
306 1173 442 1244 corporis,
465 1171 584 1228 maxime
607 1169 730 1242 disponit

146 1243 292 1302 bominem
307 1244 341 1299 sil
357 1244 545 1314 cognitionem
557 1241 727 1300 divinorum.

145 1314 306 1373 Secundum
329 1315 443 1380 Beuum,
463 1313 594 1384 coguovit
623 1314 729 1386 primus

144 1386 298 1444 Dominum
312 1403 319 1440 τ
334 1384 393 1442 sive
403 1384 630 1442 miraculoistius
641 1385 731 1458 pisca-

143 1457 241 1524 tionis,
267 1459 325 1514 slve
351 1473 421 1513 sono
446 1458 727 1528 praecognilaevocis,

144 1529 203 1586 sive
221 1527 320 1600 primae
344 1528 532 1586 reminiscens
556 1529 727 1598 piscationis.

148 1601 198 1660 Ubi
210 1601 250 1658 ait
261 1605 356 1658 Petras
370 1602 470 1658 Cantor
485 1619 492 1656 t
510 1622 523 1654 ii
540 1603 593 1658 Per
605 1604 728 1671 Petrum,

143 1675 235 1729 activa
261 1679 288 1729 cl
315 1672 458 1728 laboriosa
482 1672 550 1741 vita,
577 1675 728 1744 pert-iau·

144 1761 221 1806 nem.
237 1745 456 1816 contemplativa
470 1749 498 1800 et
514 1744 609 1816 quieta
627 1745 730 1810 sicciu-

144 1823 233 1873 catur.
257 1817 482 1888 contenplativa
504 1824 603 1874 activa
629 1819 728 1884 ileum,

144 1904 228 1960 quem
244 1888 414 1950 constiterat,
431 1888 564 1945 ostendit.
583 1888 622 1956 Si,
639 1888 667 1943 in
684 1887 729 1944 ilie

144 1960 173 2016 in
189 1959 300 2016 actione
321 1961 406 2028 luisti,
422 1960 521 2015 saltcin
538 1959 568 2016 iii
585 1965 665 2016 nocte
680 1959 727 2014 ili·-

146 2037 191 2089 cal
205 2031 256 2089 tibi
275 2030 332 2088 vita
343 2031 562 2100 contemplativa
574 2048 581 2087 ι
595 2030 729 2088 Dominus

145 2111 200 2172 est,
214 2120 249 2160 ne
263 2103 302 2159 itu
316 2101 485 2160 distraharis
499 2101 640 2172 operibus,
654 2105 728 2174 quod

143 2175 236 2247 ipsum
261 2175 414 2246 aliquando
431 2191 487 2230 nun
507 2173 693 2230 consideres:
714 2195 727 2226 t)

144 2248 206 2303 haec
215 2249 312 2303 Petrus
329 2248 439 2304 centur.
460 2249 537 2302 Tunc
561 2247 655 2303 Simon
684 2249 729 2302 Pe·

145 2324 215 2379 trus.
233 2335 294 2373 eum
309 2319 432 2373 audisset
447 2321 515 2388 quio
531 2321 661 2374 Dominus
677 2324 727 2388 est,

145 2393 239 2446 lunico
262 2393 400 2446 surcincit
423 2405 461 2454 se,
477 2394 506 2446 ut
527 2405 590 2446 cum
621 2391 728 2461 melore

145 2462 306 2518 reverentia
332 2463 480 2518 acceleret
503 2462 539 2516 an
562 2477 648 2530 eum;
669 2467 728 2518 erut

145 2537 217 2589 enim
229 2534 332 2601 nudus,
346 2534 372 2589 id
384 2539 425 2590 ea
439 2547 539 2604 parum
555 2533 682 2592 vestitus.
698 2541 727 2590 ut

144 2606 238 2678 aptior
256 2609 332 2662 esset
343 2606 379 2660 ad
399 2603 564 2676 piscationis
578 2621 657 2676 opus.
675 2607 728 2662 Un-

144 2677 180 2734 de
193 2677 268 2734 ilecto
284 2694 291 2733 z
310 2696 323 2730 o
339 2678 445 2733 Dicitur
459 2677 558 2732 Petrus
573 2677 666 2734 nudus
679 2678 727 2734 lu-

143 2748 197 2805 isse
213 2749 249 2805 ad
261 2755 502 2820 comparationem
514 2753 672 2805 ceterorum
683 2765 727 2806 ve·

144 2820 342 2878 stimentorum
358 2820 460 2892 quibus
481 2819 520 2876 uti
545 2821 672 2888 solebat;
687 2820 728 2876 sic

145 2907 197 2949 nos
230 2892 355 2949 solemus
378 2892 484 2958 dicere,
513 2907 578 2947 cum
602 2891 727 2964 aliquem

145 2957 727 3034 simplicivestimentovidemoslndutum:

145 3053 234 3109 quare
250 3037 343 3092 nudus
362 3034 491 3091 inradia?
507 3055 519 3086 o
538 3036 588 3091 Ubi
604 3041 631 3090 et
648 3037 728 3090 Toco-

142 3110 259 3181 pliitus:
277 3130 291 3160 ii
307 3107 455 3164 Praeciuiiit
472 3112 567 3162 autem
586 3121 616 3162 se
640 3105 727 3163 linteo

147 3180 263 3242 amictu.
280 3195 364 3252 quem
380 3177 530 3234 Plroenices
546 3183 573 3234 el
590 3177 664 3250 tyrii
680 3177 728 3250 pl-

144 3259 270 3308 scatores
280 3251 505 3308 circumvolvunt
518 3247 583 3316 sibi,
594 3265 657 3306 cum
677 3267 728 3306 uu-

145 3322 173 3380 iti
189 3329 271 3392 sunt3
287 3323 346 3380 slve
360 3322 446 3380 etiam
462 3321 564 3378 ceteris
578 3321 727 3378 indumen·

145 3395 181 3451 tis
202 3401 357 3468 apponunt.
385 3417 395 3445 i
420 3397 456 3451 st
471 3410 503 3450 ex
529 3392 680 3450 devotione
695 3409 728 3450 ac

145 3466 256 3523 fervore
276 3465 445 3526 (illectionis.
460 3468 537 3521 misit
551 3481 579 3520 se
593 3468 623 3520 in
641 3483 727 3535 more,

145 3545 178 3596 ut
191 3538 272 3596 citius
283 3539 320 3596 ail
337 3554 403 3596 euin
420 3537 537 3604 venirat,
550 3553 658 3594 memor
674 3539 728 3594 Do·

146 3609 217 3666 mini
232 3625 316 3682 quiem
336 3611 478 3666 irruenter
497 3607 643 3680 diligebat.
668 3612 730 3665 Alit

145 3689 236 3738 autem
249 3683 381 3754 discipuli
390 3683 526 3738 trabentes
535 3687 591 3735 rete
600 3683 728 3751 piscium,

146 3769 212 3810 cum
228 3759 339 3810 matura
357 3751 537 3810 testinatione
556 3754 669 3818 accipio
688 3769 730 3807 ue-

144 3832 256 3893 nerunt,
272 3825 338 3898 quia
353 3827 391 3880 ita
417 3822 516 3880 lerrldi
541 3826 613 3879 sicut
631 3825 731 3880 Petrus

146 3913 203 3953 non
222 3905 314 3953 erant.
333 3897 433 3953 Petrus
446 3895 561 3966 quidem
577 3909 670 3951 moras
687 3911 730 3950 na·

147 3971 189 4023 vis
205 3978 367 4039 exspectare
379 3985 434 4024 non
450 3967 609 4040 piitiiitsed
624 3967 731 4022 amoris

147 4037 339 4096 immensitate
350 4051 478 4110 cogente,
488 4038 516 4094 iii
529 4054 605 4095 mare
619 4054 648 4094 se
662 4053 731 4109 prc-

148 4111 285 4184 cipitavit,
307 4119 338 4168 ut
358 4111 482 4168 velocius
501 4119 529 4166 et
546 4108 634 4180 magis
649 4109 730 4166 lesti-

147 4199 200 4240 nus
210 4185 245 4240 ad
259 4187 411 4241 Dominum
421 4199 503 4239 suum
515 4181 612 4238 venire
624 4187 729 4255 possct.

147 4256 256 4329 Ubique
277 4258 378 4312 Petrus
402 4253 580 4311 ferventioris
605 4252 683 4322 fidei,
703 4258 731 4308 et

146 4329 264 4386 ma'uris
280 4326 442 4386 dilectionis
455 4325 607 4384 invenitur.
625 4325 674 4382 Ubi
691 4325 731 4380 alt

146 4401 167 4456 s
235 4417 242 4458 ι
258 4421 274 4454 i
286 4399 394 4457 Eodem
404 4403 498 4455 sutem
511 4397 624 4469 ardore,
636 4411 692 4470 quo
702 4400 732 4454 et

789 529 877 586 multa
891 529 947 586 alia
961 531 1079 600 lecerat,
1093 532 1171 592 venit
1183 535 1219 592 sil
1233 538 1340 598 lesum.
1357 560 1372 594 »

788 602 847 656 Novi
863 605 957 657 tamen
974 601 1191 670 intelligendum
1208 611 1373 670 estl’clrum

787 680 856 727 tunc
869 689 954 740 super
965 675 1067 732 lluctus
1079 680 1254 745 runissn,sed
1267 687 1315 738 sut
1328 698 1375 740 oa·

787 744 1068 816 tando‚aulpeililius
1078 748 1199 816 propriis
1214 767 1220 806 :
1234 753 1374 811 Nonenim

787 817 865 883 lotape
879 825 957 872 oront
971 834 988 872 o
1003 823 1087 875 terro.
1101 821 1132 875 Et
1146 819 1372 889 bissancion

788 889 1016 956 chrysostomum,
1029 889 1137 960 optime
1149 891 1262 960 ponitur
1274 898 1371 954 conili-

787 957 824 1014 tiu
835 961 955 1016 loannis
969 966 996 1016 ct
1012 961 1134 1019 Simonis
1148 963 1234 1032 Petri,
1248 967 1315 1037 qula
1325 969 1372 1028 Jo-

786 1030 1308 1103 anncspersplcacioriratintelioctu.
1320 1042 1369 1098 Pe·

786 1108 846 1159 trus
860 1103 1014 1160 ferventior
1026 1105 1139 1162 allectu.
1156 1107 1310 1179 Propterea
1328 1112 1373 1168 lo·

786 1175 1371 1250 onnesquidemprimuscognovittesum.

786 1245 885 1302 Petrus
902 1262 969 1303 vero
984 1247 1093 1319 primus
1107 1247 1157 1306 ivit
1169 1250 1206 1308 ad
1222 1267 1297 1312 eum.
1312 1255 1338 1312 tt
1361 1285 1372 1301 ·

784 1315 864 1398 stice,
888 1332 939 1389 per
961 1335 1038 1400 mare
1056 1319 1235 1392 significatur
1257 1271 1373 1386 tribulis-

785 1392 824 1470 lio
836 1390 1092 1461 praeseutisscculi.
1109 1393 1199 1462 Unde,
1211 1394 1249 1452 illi
1264 1395 1311 1467 qui
1328 1399 1373 1453 dc·

785 1460 912 1516 siderant
924 1462 960 1517 ad
976 1463 1119 1521 Christum
1130 1465 1291 1536 parvenire,
1311 1467 1372 1524 init-

785 1538 848 1587 tunt
862 1549 893 1587 se
913 1534 941 1587 in
961 1549 1051 1594 mare.
1068 1533 1133 1604 quie
1153 1552 1208 1594 non
1226 1537 1371 1609 retugium

786 1602 984 1660 tribulationes
1008 1605 1091 1675 hujus
1116 1607 1371 1676 mundissimum

786 1679 916 1745 orientum
927 1692 974 1744 per
982 1678 1083 1732 multos
1090 1681 1126 1732 tri
1130 1679 1284 1736 balationes
1292 1697 1371 1754 opor·

786 1753 824 1801 tet
838 1763 886 1802 nos
901 1750 931 1802 in
943 1765 1006 1803 rore
1023 1751 1053 1804 in
1071 1765 1185 1818 reqiium
1206 1753 1262 1814 bai.
1279 1759 1307 1812 el
1323 1761 1371 1810 te-

788 1834 852 1874 men
880 1821 954 1875 inter
982 1818 1181 1880 tribulationes
1201 1839 1319 1882 securus
1343 1830 1372 1886 el

786 1889 889 1946 illaesus
916 1890 1020 1947 Christi
1047 1908 1147 1950 servus
1167 1898 1271 1964 evalit,
1298 1899 1372 1956 sicut

787 1963 888 2018 Petrus
901 1959 1008 2019 illaesus
1023 1964 1165 2032 pervenil;
1188 1981 1239 2038 per
1259 1970 1371 2040 ossigi·

787 2049 834 2090 um
860 2049 938 2100 vero,
961 2033 1138 2105 significatur
1159 2037 1294 2108 Ecclesia,
1319 2057 1371 2100 un·

786 2105 819 2160 de
835 2104 883 2161 iilii
908 2105 1039 2177 ilisclputi
1055 2107 1172 2164 veniunt
1198 2110 1322 2182 navigio,
1340 2112 1369 2172 id

785 2182 828 2231 est
841 2177 960 2248 protecti
970 2177 1107 2236 societate
1122 2179 1369 2248 Ecclesiiesccuc·

785 2248 853 2304 dum
879 2247 948 2304 illud
976 2251 1153 2309 Psalmistae:
1173 2255 1300 2324 Protrpes
1325 2272 1370 2314 uos

786 2321 815 2374 in
829 2320 1003 2376 tabernaculo
1018 2327 1074 2377 tuo.

819 2395 836 2458 li
857 2393 953 2448 llovuii
968 2410 1120 2450 iiinacnuuii
1134 2411 1291 2457 natisionis
1309 2415 1371 2458 css·

785 2479 886 2530 sonui,
903 2481 1026 2520 riscisic
1041 2483 1118 2521 variis
1132 2484 1164 2522 ιτ
1175 2484 1369 2530 nisciruaoscii

784 2551 962 2594 nsvaiisiiris.
984 2566 1020 2578 -
1048 2539 1082 2594 Ul
1095 2554 1159 2603 erpo
1175 2538 1370 2602 descenderunt

783 2610 813 2662 in
827 2613 937 2670 terram,
956 2609 1084 2664 uiderunt
1098 2626 1204 2680 prunus
1223 2613 1251 2668 in
1271 2611 1368 2672 liltore

784 2682 899 2750 positos,
911 2678 940 2736 id
954 2679 1369 2744 estordinatasad'cslelacieu·

785 2754 863 2818 itum,
879 2757 905 2806 el
916 2754 1018 2820 piscem
1034 2754 1094 2808 illis
1108 2760 1323 2826 superpositum,
1342 2762 1369 2814 ul

782 2839 883 2894 ponem
894 2823 977 2893 justa
993 2822 1126 2893 positum.
1140 2827 1209 2882 Ecce
1223 2825 1301 2884 aliud
1311 2829 1365 2888 nti-

785 2897 932 2950 raculum:
951 2909 1016 2950 nam
1027 2911 1084 2950 non
1097 2911 1130 2951 ei
1145 2896 1265 2954 materia
1276 2900 1369 2971 subje-

785 2972 840 3025 cta.
857 2964 930 3020 sicut
952 2963 1024 3021 alias
1044 2965 1241 3036 multiplicavit
1255 2983 1366 3041 panon

785 3037 834 3092 sed
848 3037 883 3092 de
898 3035 986 3092 nibilo
1000 3043 1029 3092 et
1042 3053 1115 3093 uovu
1127 3037 1197 3104 'lecit
1209 3038 1311 3098 virtute
1326 3042 1367 3098 ili·

785 3111 850 3164 vinu
864 3109 1001 3164 carbones
1013 3124 1159 3175 accensos,
1170 3109 1325 3182 stplscsri,
1339 3122 1367 3170 st

787 3194 899 3249 panem,
915 3181 950 3235 ail
967 3180 1104 3262 majorani
1122 3179 1326 3263 ‹liscipulurum
1338 3186 1367 3242 iu

786 3251 842 3308 ssile
857 3253 1083 3308 Resurrectiunis
1098 3253 1203 3309 Christi
1217 3254 1368 3328 contii-inu·

785 3322 902 3379 tionem.
925 3325 964 3380 [le
980 3324 1132 3379 Bntbsaida
1149 3326 1185 3380 ad
1205 3341 1291 3382 unam
1305 3326 1368 3384 leu-

787 3399 964 3452 cumcontra
982 3395 1127 3452 Oilentcm
1147 3402 1191 3453 est
1213 3396 1303 3466 lucus,
1318 3397 1367 3456 ubi

787 3469 865 3523 stetit
877 3467 957 3524 Jcsus
970 3465 999 3523 in
1012 3466 1117 3534 littore,
1128 3467 1208 3540 cujus
1220 3469 1315 3526 adbuc
1325 3486 1370 3527 vo·

787 3537 871 3607 eligia
887 3537 991 3595 ibidem
1007 3539 1198 3596 ostenduntur
1217 3539 1245 3596 in
1261 3540 1366 3614 lapide,

786 3617 815 3666 et
828 3607 894 3666 inde
912 3627 966 3666 non
983 3611 1017 3666 ad
1029 3611 1123 3693 jactus
1137 3610 1239 3680 lapidis
1256 3613 1369 3670 medie·

788 3687 885 3750 tatem,
901 3682 979 3738 locus
995 3683 1042 3739 ubi
1057 3684 1186 3739 viilerunt
1202 3699 1318 3756 prunas,
1339 3690 1367 3754 et

788 3752 894 3822 piscem
919 3752 1136 3824 superpositum,
1159 3758 1188 3810 et
1205 3770 1319 3836 panem.
1336 3759 1369 3816 m

784 3825 870 3896 jussit
884 3825 966 3881 lesus
980 3824 1077 3881 allerri
1093 3829 1127 3881 ile
1144 3827 1280 3897 piscibus,
1296 3845 1368 3902 quos

789 3913 864 3952 nunc
881 3896 1095 3965 prendiderunt,
1117 3905 1185 3954 nutu
1208 3898 1307 3972 ipsius.
1331 3901 1368 3960 A·

786 3969 892 4023 scendit
911 3977 1004 4022 autem
1024 3970 1117 4025 Simon
1138 3973 1243 4041 Petrus,
1261 3979 1287 4028 et
1313 3979 1370 4030 tru-

787 4047 831 4093 sit
843 4045 899 4093 rete
910 4040 939 4094 in
955 4045 1067 4102 terrain.
1081 4043 1191 4112 plenum
1205 4047 1313 4112 mappis
1324 4047 1368 4116 pi·

787 4113 878 4166 scitus
890 4117 995 4166 centum
1003 4115 1208 4182 quinquupintu
1216 4113 1370 4172 tritus.Ubi

788 4182 857 4237 dii-ll
883 4183 1015 4250 isidorus,
1041 4185 1118 4256 quoii
1142 4185 1239 4242 oinnla
1264 4203 1372 4258 genera

789 4253 907 4324 piscium
922 4255 957 4311 ad
969 4253 1055 4312 istum
1070 4273 1220 4314 numerum
1233 4261 1370 4313 reilucun·

787 4331 850 4396 tur;
865 4331 894 4384 et
912 4330 980 4398 quia
1001 4327 1125 4397 Apostoli
1149 4327 1293 4385 debebant
1309 4341 1371 4384 esso

789 4397 941 4470 piscatores
952 4398 1079 4455 omnium
1089 4397 1319 4468 bominum,iilso
1331 4403 1372 4456 tit
