3036 5042
132 405 164 464 td
481 401 637 456 titulun
665 401 785 456 lautis
813 401 917 456 tardi
944 401 1007 457 ttit

131 519 166 574 ut
184 512 330 598 angustias
348 511 464 584 qudem
479 509 574 568 cordis
588 508 628 566 tui
653 509 712 566 dul·
767 507 865 581 guttis,
880 508 1061 592 particularis
1076 511 1214 581 efficacia,
1226 515 1361 587 quamvis

130 586 233 646 cissimi
244 583 402 642 certissime
412 582 556 640 indicabat
567 581 655 638 sudor
665 579 713 637 ille
767 587 840 636 esset
853 581 1025 638 universalis
1041 581 1225 642 suidcientia

126 657 310 730 sanguineus,
321 655 369 728 qui
383 651 522 712 orationis
535 657 665 724 tempore
677 652 713 708 de
807 673 835 708 ii
862 653 1047 710 Docniiauruii
1071 672 1179 712 nonina
1197 674 1231 714 ax
1253 676 1358 718 sunoan

125 729 304 789 sanctissima
316 741 401 782 carne
414 731 463 783 tua
473 723 605 796 guttatim
615 723 713 780 deoiir-
767 739 923 793 saronicus,
952 743 1036 782 acras
1064 743 1297 786 couroaiiiiriouis
1327 750 1360 788 ax

124 803 206 860 rebat
227 801 257 857 in
277 804 392 856 terrrm.
412 795 579 853 Dominator
595 794 712 852 Domine
768 813 877 852 oaiirio.
894 825 927 837 —
948 799 986 853 Ex
1011 795 1065 853 isto
1090 798 1222 869 articulo,
1242 801 1290 872 qui
1315 809 1360 874 pst

124 872 288 932 lesunnde
301 868 405 926 animae
419 871 475 926 tuae
487 872 545 923 tam
560 867 713 923 vehemens
768 866 881 924 sudoris
904 867 1054 940 sanguinei
1077 869 1210 938 defluxio,
1237 873 1361 931 hahetur

125 941 265 1002 tristitia?
274 942 354 997 Unde
366 945 445 996 tanta
453 937 564 996 sudoris
573 936 711 1005 anxietas,
767 939 970 996 documentum
982 939 1170 1006 salutiferum,
1181 944 1257 1014 quod
1267 951 1296 1001 et
1306 961 1361 1002 uos

127 1021 156 1073 et
172 1021 230 1070 tam
245 1011 330 1069 anxia
349 1010 537 1083 supplicatio?
551 1011 649 1066 Nonne
665 1026 712 1065 io·
767 1010 797 1065 in
812 1009 942 1091 oratione
957 1011 1096 1068 debemus
1110 1012 1150 1069 ita
1169 1029 1232 1070 esse
1252 1014 1359 1073 intenti

126 1087 280 1144 luntarium
309 1082 427 1140 omuino
451 1080 625 1138 sacrificium
654 1082 712 1136 Deo
767 1086 796 1138 et
806 1080 917 1148 fervidi,
935 1087 964 1138 ut
979 1099 1012 1138 ex
1027 1083 1207 1141 vehementia
1226 1084 1360 1145 intentio·

127 1156 204 1214 Patri
217 1153 356 1223 obtulisti,
370 1159 398 1210 et
416 1152 487 1209 nihil
502 1152 606 1210 invitus
619 1158 712 1223 pertu·
767 1152 823 1220 nis,
843 1157 873 1209 et
898 1153 1008 1210 fervore
1031 1153 1201 1220 devotionis,
1223 1159 1359 1216 sudemus

127 1228 204 1286 listi?
231 1225 344 1297 Utique,
372 1223 503 1282 Domine.
533 1223 713 1280 arbitramur
768 1224 847 1294 quasi
860 1223 1028 1306 sanguinem
1040 1240 1092 1297 per
1101 1227 1358 1300 configurationem

126 1305 220 1357 autem
238 1297 313 1369 quod
327 1299 420 1354 ethoc
435 1311 549 1368 quoque
564 1295 600 1351 ad
615 1311 713 1352 conso
769 1297 915 1364 Passionis
940 1295 1054 1364 Christi,
1071 1302 1099 1354 et
1126 1299 1260 1357 ardorem
1284 1301 1357 1359 dile·

126 1371 263 1429 lationem
300 1368 483 1424 intirmorum
519 1367 712 1424 membrorum

125 1447 240 1500 tuorum
256 1437 445 1512 assumpsisti,
461 1454 497 1496 ne
520 1438 593 1495 torte
612 1438 712 1508 despe-

125 1519 170 1570 ret
184 1511 256 1586 quis,
267 1511 292 1568 si
304 1527 370 1568 caro
383 1510 498 1568 infirma
509 1515 711 1578 remurmuret,

126 1585 174 1643 ubi
192 1585 228 1642 ad
246 1585 408 1666 passionem
429 1588 578 1663 promptus
592 1586 636 1637 cst
656 1580 712 1652 spi·

126 1655 208 1714 ritus.
225 1654 363 1713 Nrmirum
379 1658 408 1709 et
423 1657 590 1734 utmapores
604 1661 713 1723 ergata

127 1727 235 1786 amoris
249 1731 279 1784 et
292 1723 475 1798 gratitudinis
489 1723 618 1780 stimulos
631 1725 715 1780 hahe-

128 1793 714 1864 remus,naturalemcarnisinfirmitatem

127 1867 325 1953 hujuscemodi
340 1866 453 1924 indiciis
466 1865 494 1922 iii
503 1871 530 1922 te
540 1866 714 1938 expressisti,

128 1943 234 2014 quihus
248 1941 394 2008 docemur,
405 1940 548 2010 quievere
561 1938 715 2011 languores

129 2019 243 2072 nostros
258 2010 426 2084 portasti,et
436 2025 493 2066 non
507 2011 615 2082 absquo
630 2025 716 2067 sensu

124 2085 231 2146 doloris
242 2083 406 2158 passionum
419 2086 515 2139 sentes
532 2081 713 2208 percurristi.

126 2163 185 2217 Vox
199 2159 274 2214 anim
289 2154 338 2212 illa
350 2171 402 2211 vox
415 2151 510 2211 carnis
545 2153 617 2211 uisse
637 2155 715 2210 vide·

127 2237 185 2298 tur,
196 2245 252 2287 non
263 2226 429 2300 spiritus,eo
440 2225 713 2297 quodsubjunxisti:

128 2305 253 2375 Spiritus
261 2299 373 2370 quidem
380 2301 523 2368 promptas
533 2303 583 2361 est,
595 2313 658 2354 earo
668 2314 716 2378 aa·

127 2380 180 2432 tem
193 2375 303 2441 inprmo
319 2386 326 2425 :
341 2390 356 2420 »
372 2369 432 2424 haec
447 2368 604 2423 dnselmiis.
620 2367 715 2424 Voluit

126 2449 221 2503 autem
252 2439 388 2498 Dominus
408 2437 576 2509 sanguinem
600 2438 713 2507 sudare,

126 2523 242 2589 propter
258 2511 395 2583 plurimas
412 2507 548 2566 rationes.
576 2539 603 2551 -
620 2509 715 2568 Prima

58 2603 60 2608 ·
126 2593 179 2656 ost,
199 2582 357 2641 secundum
377 2581 579 2650 Aoomttoom,
595 2580 631 2638 ad
645 2581 714 2653 ligu-

125 2658 260 2722 raudum,
274 2653 350 2726 quod
374 2653 409 2710 de
433 2666 552 2734 corpore
570 2668 623 2710 suo
641 2658 712 2724 toto,

144 2731 198 2787 uod
214 2733 257 2784 est
274 2725 411 2793 Ecclesia,
431 2739 549 2796 sanguis
565 2725 714 2782 etluuden·

123 2747 187 2868 aus,
203 2804 232 2856 et
245 2803 413 2855 emanatura
436 2800 518 2852 erant
544 2797 712 2854 Sanctorum

124 2873 271 2944 martyria.
287 2868 467 2927 -Secunda
487 2871 540 2936 est,
556 2868 712 2924 secundum

124 2945 238 3012 Dedom,
252 2945 282 2997 ut
297 2957 347 3009 per
367 2945 474 2997 terram
494 2937 632 3012 sanguine
648 2940 712 2994 irri-

125 3021 233 3088 gatam,
247 3013 409 3069 declararet
428 3017 560 3067 terrenos
583 3009 713 3067 homines

125 3083 266 3160 sanguine
281 3100 332 3140 suo
347 3081 529 3140 redimendos
539 3089 567 3138 et
578 3083 714 3139 mundau-

125 3158 187 3216 dos.
197 3155 334 3212 -l'ertia
347 3160 397 3220 ost,
407 3153 562 3212 secundum
576 3153 711 3223 Classem,

125 3235 156 3288 ut
169 3234 261 3287 totum
278 3227 416 3285 mundum
432 3223 555 3296 peccatis
569 3231 712 3283 mortuum

124 3301 263 3360 advitam
282 3299 476 3366 resuscitaret,
493 3297 555 3354 ideo
575 3297 712 3354 sudorem

125 3389 208 3432 suum
228 3370 415 3443 sanguineum
438 3369 474 3426 ad
492 3374 598 3425 terrarii
611 3369 712 3425 decur-

124 3461 188 3502 rere
199 3443 320 3500 volehat.
338 3474 361 3482 -
376 3441 483 3508 Quarta
492 3445 544 3508 est,
556 3439 713 3496 secuudum

124 3515 306 3580 Domordum,
324 3517 355 3570 ut
371 3528 428 3568 non
444 3511 537 3592 solum
549 3509 714 3592 oculis,·sed

125 3593 155 3646 at
178 3585 259 3659 qnasi
284 3582 422 3642 membris
445 3583 578 3640 omnihus
601 3583 714 3640 tlevisse

124 3658 264 3726 videatur,
279 3661 366 3728 atque
380 3653 419 3711 sic
436 3659 526 3710 totum
542 3654 715 3736 corpuseJ'ns

124 3732 288 3803 mysticum,
304 3727 380 3800 quod
407 3731 451 3784 est
474 3724 610 3794 Ecclesia,
626 3731 715 3783 totius

768 1365 869 1422 ettonis
884 1367 921 1424 ad
940 1369 1041 1424 Deum.
1054 1369 1135 1436 Quod
1151 1371 1193 1434 sit.
1209 1372 1276 1429 dnm
1292 1375 1359 1446 quis

768 1454 855 1496 orans
870 1437 901 1494 in
916 1444 994 1495 tanto
1016 1443 1119 1498 ardore
1134 1441 1297 1501 devotionis
1310 1461 1358 1502 ao·

769 1509 913 1579 conditur,
938 1511 1014 1581 quod
1041 1526 1093 1582 pro
1119 1529 1217 1572 amore
1243 1515 1308 1586 Dei,
1333 1517 1358 1574 si

769 1587 891 1653 oportet,
900 1581 1068 1652 sanguinein
1077 1599 1159 1642 suum
1169 1585 1288 1644 tundere
1300 1605 1358 1646 nou

769 1657 896 1720 veretum
912 1659 942 1709 et
954 1652 1018 1710 talis
1030 1653 1071 1710 sic
1084 1653 1231 1714 incalescit
1242 1657 1358 1730 spiritu,

769 1730 800 1782 ut
822 1729 898 1780 totns
924 1727 1039 1798 sanguis
1065 1724 1094 1782 in
1119 1743 1250 1798 corpore,
1275 1733 1359 1802 quasi

770 1795 1019 1868 spirituialludens
1029 1812 1149 1867 pronum
1159 1806 1358 1874 etpromptum

770 1883 800 1924 se
828 1865 960 1924 exhibeat
979 1869 1015 1925 ad
1037 1869 1232 1928 exsudandum
1257 1891 1264 1931 :
1290 1873 1357 1945 quia

770 1955 837 1995 vero
852 1955 918 1995 caro
934 1955 966 1996 ex
980 1938 1148 1998 infirmitate
1161 1959 1214 2000 sna
1230 1949 1289 2002 tam
1309 1961 1357 2002 ve-

771 2012 933 2067 hementem
944 2011 1077 2068 ardorem
1089 2013 1247 2072 devotionis
1259 2015 1360 2074 suffer·

770 2099 802 2138 re
818 2098 874 2138 uon
888 2082 1035 2154 praevalet,
1046 2081 1110 2140 ideo
1124 2087 1258 2143 sudorem
1275 2089 1357 2159 quasi

770 2152 935 2226 sanguinem
958 2159 1103 2226 evaporat,
1124 2158 1165 2214 iel
1188 2158 1289 2216 saltem
1303 2175 1355 2232 pro

770 2224 909 2297 sanguine
923 2225 1057 2282 ardentes
1072 2226 1213 2299 lacrymas
1224 2245 1276 2302 per
1287 2247 1355 2288 ocu·

769 2299 813 2353 los
827 2296 956 2352 ellnndit.
971 2299 1004 2353 Et
1018 2297 1156 2368 quoniam
1173 2317 1226 2358 iios
1244 2309 1302 2360 lam
1317 2301 1355 2360 vi·

769 2383 904 2439 gorosam
932 2367 1092 2426 orationem
1120 2371 1267 2430 effundere
1298 2391 1355 2431 non

768 2441 907 2509 valemus,
923 2440 1111 2568 adjuppainus
1130 2447 1289 2502 orationem
1303 2462 1353 2504 no·

770 2519 859 2569 stram
874 2517 998 2569 orationi
1036 2513 1129 2583 hristi,
1145 2514 1195 2586 qui
1210 2521 1253 2574 est
1266 2517 1352 2574 advo·

768 2589 847 2639 catus
863 2589 960 2640 noster
973 2583 1049 2656 apud
1061 2585 1185 2654 Patrem,
1194 2592 1223 2644 et
1237 2587 1297 2660 ipse
1313 2588 1354 2646 ia·

767 2652 898 2726 terpelldt
926 2671 975 2722 pro
987 2653 1079 2725 nohis,
1097 2656 1156 2714 imo
1177 2665 1240 2716 orat
1258 2660 1354 2718 nohis-

768 2742 841 2783 cnm.
858 2729 892 2783 Et
906 2725 955 2784 illa
973 2729 1064 2784 oratio
1085 2734 1130 2785 est
1145 2729 1353 2800 efficacissima,

767 2804 795 2854 et
807 2799 865 2855 Deo
878 2797 954 2854 Patri
964 2803 1090 2871 accepta,
1106 2817 1169 2871 quae
1184 2802 1292 2859 scilicet
1302 2803 1354 2876 ipsi

767 2867 796 2924 in
819 2868 922 2926 unione
941 2869 1079 2927 orationis
1094 2872 1198 2929 Christi
1224 2874 1354 2934 offertur.

768 2942 857 3008 Quam
882 2941 1013 2999 efficaces
1037 2944 1123 2999 etiam
1146 2942 1205 3000 sint
1222 2945 1354 3019 lacrymae

767 3011 915 3080 orationis,
930 3017 959 3070 et
974 3016 1095 3070 maxime
1109 3013 1177 3082 illae,
1192 3032 1256 3099 qua
1271 3019 1300 3074 in
1312 3035 1357 3075 re·

767 3083 933 3140 cordatione
951 3083 1096 3142 Passionis
1110 3085 1214 3144 Christi
1230 3089 1352 3146 lundun-

766 3160 824 3225 tur,
840 3161 919 3237 patet
937 3171 969 3213 eii
987 3157 1110 3228 quadam
1126 3158 1300 3218 revelatione
1313 3162 1353 3218 la·

767 3232 812 3283 ota
828 3228 940 3284 cuidam
962 3243 1098 3298 personae,
1116 3231 1151 3286 de
1175 3246 1232 3301 qua
1251 3231 1355 3303 legitur

767 3297 844 3368 quod
856 3313 892 3370 ap
913 3315 997 3356 arens
1011 3302 1036 3356 ei
1050 3299 1185 3358 Dominus
1197 3301 1228 3358 in
1241 3303 1353 3376 spiritu,

768 3368 865 3428 dixit:
887 3314 915 3428 ξι
952 3373 995 3427 uis
1010 3372 1040 3428 iu
1059 3371 1258 3431 recordatione
1284 3391 1354 3434 meae

770 3440 914 3523 Passionis
932 3386 1082 3524 ‘inprimis
1113 3459 1177 3500 cuin
1203 3445 1353 3504 devotione

768 3512 885 3583 fuderit,
902 3529 1047 3586 suscipere
1064 3515 1127 3573 volo
1140 3531 1175 3572 ac
1191 3518 1214 3572 si
1229 3516 1290 3590 ipse
1304 3533 1354 3590 pro

770 3601 814 3640 me
828 3600 930 3657 passus
945 3584 991 3642 sit.
1009 3616 1041 3628 —
1056 3588 1087 3642 ln
1102 3585 1255 3644 recolendo
1268 3588 1352 3646 istum

768 3655 931 3726 articulum,
948 3657 1032 3714 adse
1049 3657 1159 3716 Christo
1174 3659 1353 3718 conforman-

768 3727 849 3795 dum,
865 3727 995 3800 procidat
1010 3729 1095 3786 honio
1110 3728 1139 3786 in
1154 3730 1255 3788 lactem
1268 3749 1354 3803 super

66 3861 70 3872 ,
121 3799 251 3872 corporis
268 3798 373 3871 proprii
386 3796 520 3870 lacrymis
532 3802 712 3870 purgaretur.
768 3804 884 3862 terrarii.
898 3801 1006 3857 orando
1019 3799 1139 3868 intente,
1149 3805 1178 3858 et
1190 3805 1296 3874 cogitet
1305 3820 1355 3862 aii·

125 3905 151 3916 -
175 3871 279 3940 Quinta
294 3877 346 3938 est,
363 3877 393 3927 ut
413 3886 462 3940 per
476 3872 645 3941 sanguinem
663 3869 713 3926 de·
767 3869 888 3952 gelidam
902 3873 1084 3942 presentiam
1097 3871 1150 3929 sibi
1163 3876 1231 3930 tunc
1243 3877 1353 3944 adesse,

120 3949 285 4002 currentem
295 3941 325 3998 iii
336 3947 454 4004 terram,
464 3940 713 4013 ostenderetquod
767 3948 905 4012 recogitet
921 3942 1007 4000 etiam
1022 3959 1144 4015 agonem
1159 3959 1251 4014 suum,
1267 3951 1297 4004 et
1308 3963 1353 4002 eo·

124 4031 176 4090 pro
192 4021 279 4082 terra,
294 4011 323 4069 id
338 4019 381 4068 est
395 4011 522 4069 Ecclesia
534 4011 626 4068 adhue
643 4011 713 4068 mili·
767 4018 851 4069 netur
870 4022 1007 4085 quantum
1026 4020 1119 4086 potest
1140 4016 1246 4074 habere
1261 4017 1352 4089 lacry-

124 4091 203 4144 tante
223 4085 252 4142 in
272 4091 349 4142 terra
373 4084 483 4152 orabat,
501 4088 530 4140 et
546 4083 713 4154 sanguinem
767 4100 829 4141 mas
851 4099 884 4142 ex
907 4101 970 4143 rom
991 4085 1102 4143 assione
1117 4091 1146 4146 et
1164 4103 1263 4146 amore
1276 4089 1354 4147 Chri-

123 4173 208 4218 suum
227 4157 376 4226 tundebat,
389 4162 418 4212 et
436 4157 526 4229 ipsam
544 4169 594 4213 suo
611 4153 712 4226 irriga·
766 4154 812 4220 sti,
828 4173 899 4229 quas
928 4155 951 4213 si
973 4101 1079 4216 galtere
1102 4174 1159 4216 non
1185 4165 1278 4232 potest
1303 4177 1352 4233 per

122 4237 182 4289 tam
201 4227 342 4301 sanguine
362 4227 597 4284 ltecundahat.ln
612 4227 716 4284 sudore
766 4227 874 4294 oculos,
890 4228 991 4286 fundat
1008 4229 1108 4287 saltem
1128 4229 1267 4322 lacrpmas
1286 4247 1350 4289 cor·

123 4308 221 4360 autem
246 4305 363 4358 notatur
389 4299 499 4366 terior3
513 4297 542 4354 in
565 4298 713 4380 sanguine,
766 4297 819 4356 dis.
834 4301 868 4356 Et
884 4299 957 4356 sicut
971 4299 1100 4359 Christus
1116 4301 1167 4359 Dei
1182 4301 1279 4373 lilius,
1292 4303 1352 4360 iui-

119 4373 267 4448 pretium3
282 4371 311 4430 in
326 4371 462 4440 decursu,
472 4369 667 4438 abundantia;
684 4369 713 4427 in
766 4371 892 4429 minente
903 4371 957 4430 sihi
970 4371 1105 4431 Passieno
1117 4374 1274 4445 horrenda,
1286 4389 1351 4434 cum
