3036 5042
178 437 208 490 16
364 465 369 479 .
526 429 677 484 secutura
705 431 822 484 lautis
850 431 954 485 CAPUT
982 431 1044 486 tttx

181 543 216 598 at
228 540 331 597 iterum
344 555 351 594 ι
365 559 379 589 u
390 535 586 606 Transfigurat
600 534 630 590 in
645 551 676 591 se
687 550 763 604 suos,

181 619 210 670 et
235 609 283 683 qui
300 607 371 666 nihil
394 606 471 664 aliud
486 605 546 663 vult
559 621 643 677 quam
668 606 764 675 Pater,

181 685 264 740 docet
276 697 325 738 eos
335 678 476 764 privatam
490 677 663 758 voluntatem
679 675 764 734 corri-

180 771 259 884 gere,
274 758 302 810 et
315 749 527 822 dirigerejuxta
539 748 673 805 drvinam.
685 767 698 799 a
710 750 765 805 Un-

201 830 257 884 eet
272 827 454 890 Hieronymus
470 838 477 876 :
497 843 510 870 ι
528 821 621 890 Usque
637 819 764 876 induem

179 913 237 954 non
254 899 347 952 cessat
364 893 467 949 docere
486 907 538 948 nos
553 891 681 964 patribus
699 892 765 948 obe-

179 969 253 1036 dire,
275 971 304 1023 et
325 963 500 1022 voluntatem
515 961 764 1018 eorumvoluntati

180 1043 285 1096 nostrae
320 1050 501 1107 reponere.»
519 1033 598 1089 Unde
613 1033 700 1090 etiam
713 1036 763 1089 Be-

181 1111 218 1166 da
234 1129 242 1166 ε
259 1129 273 1163 «
288 1053 417 1167 &tendit
439 1105 536 1178 itaque
551 1104 686 1186 Dominus
710 1107 763 1162 Je-

183 1198 242 1250 sus,
269 1185 301 1238 ut
330 1195 396 1236 curu
419 1192 497 1234 mors
525 1178 568 1230 vel
588 1176 665 1233 alrud
689 1176 764 1247 quod

182 1251 244 1310 fieri
258 1252 390 1308 nolumus
407 1247 547 1313 imminet,
562 1245 602 1303 sio
617 1261 669 1318 per
680 1246 763 1303 intrr-

180 1323 308 1382 mitatem
325 1327 455 1394 petamus
473 1325 504 1376 ut
518 1334 575 1374 non
592 1319 651 1382 tiat,
667 1327 764 1390 quate·

180 1412 234 1452 nus
249 1411 300 1468 per
310 1390 506 1450 tortitudinem
522 1389 612 1461 parati
625 1392 724 1454 simus,
734 1393 765 1446 ut

180 1467 310 1524 voluntas
320 1462 480 1522 conditoris
491 1460 581 1517 nostri
600 1460 684 1517 etiam
700 1475 764 1516 con·

180 1544 225 1596 tra
239 1546 367 1594 nostram
400 1533 577 1589 voluntatem
604 1533 663 1588 fiat.
694 1533 764 1587 Nam

181 1609 254 1668 siant
266 1608 385 1665 multum
399 1605 606 1660 contlderenon
618 1603 764 1670 debemus,

182 1698 217 1738 ne
238 1685 366 1738 nostram
387 1675 521 1732 virtutem
536 1674 683 1731 videamur
701 1690 764 1746 pro-

181 1751 268 1820 fiteri,
280 1750 321 1806 sio
336 1749 457 1806 multum
470 1744 688 1818 pusillanimiter
701 1761 765 1815 ege-

180 1840 212 1881 re
227 1829 256 1880 et
270 1821 399 1878 diltidere
421 1834 477 1874 non
491 1819 636 1886 debemus,
659 1833 695 1872 ne
714 1817 765 1872 Dei

181 1895 319 1968 adjutoris
344 1889 433 1948 nostri
458 1887 653 1962 impotentiam
673 1887 766 1944 videa-

182 1982 246 2023 mur
260 1961 454 2036 pronuntiare.
467 1981 482 2012 a
497 1962 531 2018 lit
538 1959 641 2016 iterum
653 1978 659 2017 :
674 1983 687 2008 «ι
697 1960 764 2016 ΜυΙ·

183 2037 204 2094 ti
219 2037 312 2094 adhue
326 2032 434 2091 intirmi
451 2030 655 2088 contristantur
670 2031 764 2087 lutura

183 2113 285 2176 morte,
296 2106 346 2164 sed
363 2104 387 2162 si
402 2104 527 2161 habeant
541 2107 716 2170 rectumcor,
728 2100 764 2184 νίς

181 2185 240 2238 tent
253 2185 373 2236 mortem
387 2180 524 2248 quantum
540 2178 676 2246 possunt,
695 2177 725 2254 at
739 2189 763 2229 sr

185 2267 242 2310 non
260 2254 389 2324 possunt,
411 2247 507 2304 dicant
527 2245 604 2316 quod
627 2246 764 2301 Dominus

181 2322 270 2380 dixit:
284 2325 366 2378 Pater
380 2321 458 2384 misi
470 2317 602 2390 possibile
611 2321 661 2381 est,
675 2321 764 2372 traus-

181 2399 225 2450 eat
239 2410 257 2448 a
271 2409 313 2448 me
329 2393 404 2447 cutte
412 2392 474 2453 iste,
489 2403 553 2444 eece
564 2388 651 2443 habes
665 2386 763 2442 volun-

181 2469 269 2521 tatem
290 2463 460 2526 hnmanam3
486 2457 551 2514 vide
573 2458 633 2530 jam
653 2463 764 2514 rectum

179 2551 250 2593 cor:
270 2537 464 2592 Verumtamen
485 2545 540 2586 non
561 2532 697 2599 stratego
716 2545 763 2584 oo-

181 2609 218 2676 lo,
235 2605 284 2662 sed
306 2607 378 2660 siout
397 2607 427 2658 tu
445 2619 451 2658 :
470 2619 484 2654 u
500 2601 653 2657 haeeBeda.

216 2683 232 2734 6
253 2679 385 2732 lucrarer
402 2687 557 2728 orsarrunos
572 2689 690 2729 rurnrurs
709 2675 763 2729 Pa·

180 2761 474 2818 rauu,ouosasn1aus
494 2761 661 2800 ooaumuras
681 2761 764 2800 ruva-

182 2839 237 2878 urr.
268 2852 285 2860 -
324 2821 361 2876 Et
381 2817 494 2873 rediens
516 2815 552 2871 de
571 2815 633 2871 loco
657 2813 686 2872 in
708 2831 764 2886 quo

181 2894 326 2960 oraverat,
335 2889 453 2944 oenitud
462 2893 519 2943 tres
528 2887 678 2958 discipulos
690 2903 763 2956 suos,

181 2963 288 3022 scilicet
303 2980 309 3018 :
326 2963 451 3028 Petrum,
469 2959 606 3016 iacobum
622 2963 651 3013 et
671 2960 765 3015 Joan-

182 3051 259 3102 nem,
275 3040 301 3092 et
325 3034 430 3089 iurauit
454 3046 497 3086 eos
521 3031 694 3098 dormientes,
705 3031 765 3102 jam

181 3106 276 3164 uicina
302 3101 459 3161 tentatione
490 3099 664 3172 incipiebant
690 3100 766 3158 oculi

183 3193 283 3238 eorum
314 3177 510 3246 languescere,
540 3172 606 3244 quia
633 3173 766 3229 dormitio

181 3258 243 3310 erat
257 3251 336 3322 quasi
357 3243 551 3320 praefiguratio
567 3245 725 3316 negationis
738 3249 767 3301 et

180 3325 266 3395 lugae.
287 3320 367 3378 Unde
380 3319 454 3376 Beda
470 3335 477 3373 :
494 3339 508 3370 «ι
526 3319 649 3374 Somnus
665 3333 766 3387 corpo-

183 3411 223 3452 rrs
238 3389 430 3466 praefiguratio
441 3396 503 3446 erat
516 3389 592 3459 quud
602 3388 628 3444 in
639 3389 767 3460 proximo

185 3463 323 3538 grauanui
337 3470 421 3518 erant
434 3475 534 3516 somno
548 3459 734 3516 infidelitatis.
753 3480 766 3512 n

182 3541 217 3595 Et
234 3534 341 3592 ironice
356 3533 396 3589 sie
410 3534 452 3587 uit
466 3533 546 3587 Petro
562 3549 570 3585 a
586 3531 692 3599 Simon,
707 3532 769 3586 aaa

182 3611 258 3666 mit?
273 3603 357 3675 Quasi
370 3603 478 3660 diceret
493 3625 499 3659 :
519 3601 564 3659 Sic
576 3607 639 3657 erat
658 3603 769 3658 sacten-

182 3679 272 3738 dumt
295 3676 351 3744 vel,
368 3673 408 3732 sie
421 3673 525 3744 imples
540 3674 615 3746 quod
630 3673 768 3744 promise·

185 3751 256 3808 ras?
274 3753 335 3808 Nora
349 3747 477 3819 potuisti,
497 3761 553 3801 aaa
571 3747 637 3800 liora
652 3747 771 3814 uigilare

185 3825 312 3880 meatim?
327 3817 412 3887 Quasi
426 3817 555 3875 diceret:
572 3815 707 3885 Quiauna
723 3817 771 3873 ho-

187 3911 220 3952 ra
233 3909 290 3950 non
305 3889 420 3964 potuisti
437 3887 552 3960 uigilare
567 3904 688 3954 mecum,
705 3904 772 3959 qus·

190 3964 276 4022 modo
292 3969 412 4020 mortem
428 3976 557 4033 spernes,
575 3966 604 4015 tu
625 3959 671 4031 qui
687 3975 771 4032 spon·

190 4037 241 4094 des
258 4039 329 4092 mort
344 4032 477 4090 mecum?
490 4033 551 4088 Non
565 4031 689 4088 ostentis
712 4035 772 4088 tau-

190 4114 249 4166 tum
270 4108 409 4163 terrorem
423 4105 508 4172 lacto,
524 4109 660 4174 quantum
673 4103 771 4159 verbo.

187 4181 219 4237 ln
240 4180 293 4236 hoc
315 4181 433 4249 apparet
453 4181 503 4231 tua
528 4173 688 4230 intlrmitas.
718 4174 774 4230 Per

184 4253 239 4309 hoe
261 4249 337 4322 quod
366 4247 444 4317 dicit,
464 4263 520 4302 unu
541 4247 617 4313 lora,
634 4245 771 4317 ostendit,

184 4322 261 4397 quod
280 4319 375 4379 brevis
395 4325 438 4376 est
453 4317 582 4375 molestia
594 4315 771 4382 tentationis,

179 4397 326 4467 respectu
341 4389 594 4450 remunerationis.
608 4391 641 4446 Ut
653 4388 771 4460 ergodi-

820 534 859 592 cit
874 536 999 592 Tullius:
1015 555 1025 585 ι
1044 535 1147 592 Omnia
1154 551 1217 607 quae
1226 535 1409 602 breriasunt,

820 606 981 664 tolerabilia
994 605 1411 680 debentesse,etiamsimagna
1515 651 1516 666 .

821 679 888 734 sint.
907 698 921 730 a
937 676 1072 746 Quamvis
1086 683 1180 735 autem
1192 694 1291 735 omnes
1303 679 1412 736 dormi-

821 751 1015 818 rent,Petrum
1030 749 1409 822 tamenpotiusincrepabat,

821 822 889 892 quia
903 819 981 878 enirn
999 837 1059 894 prae
1072 820 1176 877 ceteris
1191 821 1287 877 luerat
1298 821 1408 893 gloria·

821 897 877 960 tus,
903 891 968 948 ideo
990 907 1050 965 prae
1066 891 1168 948 ceteris
1186 897 1248 949 crat
1262 891 1412 962 increpan-

821 963 891 1032 dus;
909 963 989 1034 item,
1004 963 1072 1036 quia
1084 963 1161 1019 inter
1177 979 1227 1020 eos
1240 962 1409 1036 principalis

821 1039 893 1104 erat,
908 1033 973 1092 ideo
989 1033 1019 1091 in
1041 1033 1103 1106 ipso
1123 1034 1196 1091 alios
1212 1035 1408 1107 reprehende·

823 1106 891 1174 bat3
918 1107 998 1176 item,
1022 1105 1090 1178 quia
1115 1105 1145 1162 in
1169 1106 1271 1162 eodem
1295 1103 1410 1165 delectu

822 1177 957 1249 praelatus
986 1177 1078 1248 magis
1118 1183 1161 1234 est
1202 1176 1408 1249 increpandus,

822 1263 907 1320 quam
920 1248 980 1318 alii,
997 1247 1100 1305 ceteris
1111 1249 1239 1322 paribus.
1253 1247 1306 1317 Qui
1321 1249 1410 1306 etiam

818 1321 879 1392 jam
906 1320 1074 1377 infirmitate
1099 1321 1260 1390 depressus,
1277 1336 1335 1377 non
1360 1323 1412 1378 Pe·

821 1398 882 1448 trus
897 1391 942 1448 vel
956 1392 1077 1463 Cephea,
1096 1391 1147 1448 scd
1161 1393 1278 1462 antiquo
1293 1392 1412 1449 nomine

822 1461 921 1520 Simon
940 1461 1093 1520 allomino
1111 1463 1157 1519 hie
1178 1469 1305 1519 viscatur.
1327 1466 1410 1532 Vipi-

822 1535 887 1603 tute,
903 1539 1022 1599 attento,
1042 1533 1132 1590 oculis
1149 1533 1252 1590 mentis
1266 1540 1295 1590 et
1310 1549 1412 1606 corpo-

821 1605 871 1666 ris.
888 1613 914 1662 et
929 1612 1015 1670 orate,
1033 1607 1145 1676 devote,
1161 1603 1256 1662 uerbis
1268 1604 1365 1662 cordis
1381 1610 1411 1662 et

822 1676 890 1744 oris,
912 1683 942 1736 ut
960 1695 1015 1733 non
1028 1679 1140 1733 intretis
1162 1679 1192 1732 ia
1213 1680 1409 1748 tentationem,

822 1747 947 1820 negandi
966 1764 1011 1805 me
1025 1752 1054 1804 et
1068 1747 1219 1804 recedendi
1236 1764 1253 1806 a
1268 1764 1323 1804 me.
1345 1750 1408 1806 Non

821 1818 900 1889 dicit,
913 1837 956 1902 ne·
965 1818 1126 1888 tentemini,
1142 1819 1209 1902 quia
1230 1818 1410 1946 impossihile

821 1897 863 1947 est
881 1893 1218 1962 hominemnontentarr;
1235 1906 1265 1946 se
1288 1897 1409 1958 ,utnon

820 1965 930 2019 intretis
956 1965 986 2020 in
1012 1965 1199 2029 tentationem,
1225 1966 1253 2018 et
1276 1961 1409 2022 incidatis

820 2033 848 2090 in
864 2035 925 2106 eius
936 2033 1120 2106 protundum,
1132 2033 1160 2090 id
1171 2037 1224 2100 est,
1239 2035 1407 2091 ostentatio

820 2121 870 2161 vos
883 2111 999 2177 superet
1018 2109 1047 2162 et
1071 2105 1208 2174 includat,
1221 2120 1274 2177 per
1287 2121 1408 2162 consen·

821 2193 882 2234 sum
897 2177 942 2233 vel
959 2191 1030 2249 opus
1047 2194 1053 2234 :
1071 2175 1238 2232 tentationis
1259 2175 1337 2233 euim
1349 2175 1406 2234 ini-

820 2251 889 2304 tium
901 2251 945 2304 est
960 2246 1104 2320 suggestio
1113 2246 1191 2316 mali,
1202 2247 1325 2304 medium
1338 2264 1406 2305 con·

820 2335 919 2376 sensus
947 2317 978 2376 in
1005 2319 1224 2376 delectationem
1254 2319 1296 2376 vel
1319 2335 1403 2392 opus,

820 2389 1029 2448 consummatio
1057 2397 1101 2448 est
1129 2405 1200 2462 opus
1225 2389 1328 2462 ipsum.
1358 2391 1403 2448 ad

820 2461 984 2518 evitandum
999 2467 1094 2519 autem
1109 2463 1307 2532 tentationem,
1322 2463 1403 2520 etad

820 2531 1008 2591 resistendum
1024 2533 1128 2600 eidem,
1142 2533 1345 2590 recurrendum
1359 2541 1405 2592 est

820 2607 855 2662 ad
871 2603 1028 2662 orationem
1056 2603 1152 2663 Oratio
1168 2607 1244 2662 enim
1254 2611 1297 2662 est
1311 2605 1406 2662 eleva·

820 2676 859 2732 tio
875 2675 977 2733 mentis
991 2678 1020 2734 in
1038 2678 1148 2733 Deum:
1172 2681 1280 2748 quanto
1307 2684 1404 2734 antem

821 2747 1034 2805 mensinDeum
1049 2747 1187 2817 elevatur,
1198 2752 1278 2805 tanto
1293 2747 1406 2806 facilius

820 2818 938 2876 tentatio
949 2821 985 2876 ab
1000 2835 1035 2876 ea
1049 2823 1206 2891 separatur.
1221 2821 1255 2876 Et
1267 2819 1339 2876 sicut
1347 2820 1404 2890 tur,

820 2889 918 2948 audito
934 2891 1067 2958 clamore,
1085 2889 1166 2972 tagit,
1184 2895 1213 2946 et
1230 2890 1312 2947 vicini
1328 2890 1405 2947 ueni·

819 2971 872 3020 unt
886 2962 923 3018 ad
939 2969 1161 3026 succursum,1ta
1174 2961 1284 3018 clamor
1299 2962 1404 3020 oratio-

821 3034 864 3090 nis
876 3033 1020 3090 diabulum
1031 3034 1119 3114 lugat,
1130 3039 1158 3090 et
1173 3033 1405 3092 Sanctosadsuc·

822 3107 992 3162 currendum
1016 3111 1128 3160 exertat.
1148 3105 1226 3161 Unde
1254 3107 1404 3162 isidoras:

824 3199 834 3228 ι
858 3179 915 3232 Huc
933 3183 975 3233 est
990 3175 1147 3232 remedium
1164 3177 1236 3247 ejus,
1254 3177 1302 3248 qui
1321 3175 1406 3234 vitio-

822 3264 886 3305 rum
905 3247 1089 3304 tentamentis
1113 3253 1226 3314 aestuat,
1247 3255 1278 3304 nt
1293 3249 1406 3320 quoties

823 3319 950 3392 quolibet
963 3317 1029 3374 vitio
1045 3319 1180 3390 tangitur,
1201 3317 1286 3376 toties
1299 3319 1406 3377 oratio·

824 3407 874 3448 nes
891 3391 1001 3458 tundat3
1017 3407 1083 3462 quia
1103 3392 1235 3462 frequens
1250 3391 1342 3448 oratio
1356 3393 1407 3448 im-

824 3466 1029 3536 pugnationem
1045 3461 1177 3518 vitiorum
1191 3461 1355 3534 exstinguit.
1373 3465 1405 3520 at

825 3533 1406 3606 sicutservus,quisentitiureminrtomo,

825 3613 854 3664 at
869 3622 925 3662 uon
939 3605 1053 3672 clamat,
1071 3603 1218 3674 t'aretluri,
1235 3613 1264 3661 et
1277 3605 1406 3678 proditor

826 3683 869 3734 est
882 3675 991 3733 domini
1011 3675 1072 3744 sui;
1088 3676 1129 3732 sie
1147 3678 1194 3758 qui
1210 3676 1262 3733 scit
1277 3677 1409 3735 tentatio·

827 3765 893 3805 nam
908 3764 970 3804 esse
984 3746 1014 3804 in
1024 3748 1120 3816 corde,
1135 3748 1249 3804 videtur
1263 3748 1407 3805 Christum

826 3823 958 3892 prodere,
976 3825 1006 3876 et
1020 3819 1134 3876 diabolo
1159 3819 1334 3890 consentire,
1354 3819 1408 3877 nisi

827 3891 924 3948 statim
940 3890 1159 3963 perorationem
1173 3891 1348 3948 exclamet.»
1374 3893 1409 3947 at

829 3961 1412 4034 ideo,quiadiuholusscmpertentatsem·

828 4050 879 4161 ger
896 4034 1034 4090 debemus
1049 4049 1143 4102 orare,
1155 4039 1184 4090 et
1196 4034 1408 4105 nuutquamde-

852 4122 926 4162 cere.
941 4105 995 4162 Sed
1008 4103 1099 4161 oratio
1112 4104 1198 4162 debet
1212 4105 1339 4162 ordinari
1352 4121 1410 4162 non

830 4177 932 4234 adhoc
947 4182 1048 4234 utnon
1066 4182 1217 4246 tentemur,
1232 4176 1281 4232 sed
1295 4177 1332 4234 ad
1358 4177 1412 4234 hoe

830 4248 906 4321 quod
923 4264 981 4305 non
1006 4247 1145 4305 intremus
1160 4247 1188 4304 in
1213 4247 1409 4306 tentationem.

830 4323 948 4379 Multum
970 4325 1063 4377 autem
1081 4323 1157 4378 valet
1169 4320 1206 4377 ad
1215 4319 1411 4393 expulsionem

830 4389 993 4450 tentationis
1002 4389 1147 4464 cogitatio,
1158 4395 1187 4448 et
1201 4393 1411 4450 amoremne
