2974 5040
153 353 186 411 90
461 407 466 414 ,
500 352 656 408 SECUNDAE
682 350 800 408 itatis
827 344 929 402 cleti
957 342 1031 400 lel

156 461 265 535 Lybiae,
277 464 385 534 putrem
402 459 560 518 Alexandri
573 465 599 518 et
614 463 687 532 Ruit,
702 459 743 517 di·

155 535 329 608 scipulorum
351 532 475 603 Domini,
494 533 528 590 de
546 535 617 590 uilla
632 535 743 588 centen-

158 613 223 676 tem‚
237 611 265 665 et
277 605 314 664 ad
327 605 470 663 civitatem
484 605 578 662 eundo
594 604 635 662 eis
648 620 744 662 occur·

158 687 280 748 rentem,
298 684 324 735 et
342 681 568 746 asportaverant,
587 682 618 734 sit
637 679 744 732 tolleret

159 767 264 809 crucem
277 751 346 820 ejus,
358 749 465 806 scilicet
478 752 571 818 iesus,
586 753 652 821 post
665 764 742 816 curii,

157 839 248 896 usque
274 822 312 878 ad
337 821 529 878 crucifixionis
552 821 655 878 locuni.
685 823 744 876 lloc
771 859 773 879 .

158 901 255 952 autem
268 908 326 949 non
342 893 471 950 iecerunt
485 909 518 950 ex
544 891 742 964 compassione

157 966 193 1023 ad
212 963 365 1034 Christum,
382 965 432 1021 sed
446 971 477 1022 ut
491 965 576 1022 citius
589 965 744 1022 duceretur

157 1037 194 1094 ad
217 1035 445 1108 cruciilgsndum
463 1051 471 1104 ς
491 1035 573 1106 item,
599 1041 632 1094 ut
645 1042 743 1092 osten·

158 1109 261 1166 derant
285 1123 352 1164 eum
378 1123 440 1164 esse
463 1107 610 1165 bominem
636 1107 744 1178 fatiga-

158 1185 218 1237 tum
237 1187 266 1236 et
278 1177 435 1250 initimum,
454 1185 483 1236 ct
498 1179 538 1236 sic
561 1196 619 1237 nou
644 1179 744 1236 crede·

157 1260 240 1308 retur
263 1249 313 1308 llei
324 1249 419 1308 Filius.
440 1252 475 1306 Ut
498 1256 595 1308 autern
608 1249 745 1321 aitCiirp·

159 1329 303 1386 metemus,
323 1323 416 1379 nullus
433 1322 553 1380 aliorum
579 1325 745 1394 acceptabat

159 1409 271 1452 crucem
287 1395 425 1467 bajulare,
440 1411 473 1451 eo
487 1394 682 1467 quodlignum
694 1397 743 1451 de-

157 1465 289 1524 testabile
314 1468 479 1540 putabatur,
504 1466 610 1523 ctideo
636 1464 744 1524 Simoni

158 1539 304 1610 Cyrenaeo,
325 1537 406 1609 quasi
430 1539 460 1594 in
475 1539 629 1606 quamdam
654 1538 745 1610 jactu·

156 1607 743 1680 ramimposucruntcruccmportandam,

158 1696 244 1752 quam
261 1679 310 1736 alii
334 1681 514 1736 recusabant.
543 1681 597 1748 Qui
620 1680 745 1752 portavit

160 1767 224 1808 eain
239 1751 426 1823 corporaliter
448 1755 476 1808 et
503 1749 601 1821 invite,
617 1767 675 1808 non
687 1752 744 1825 spi·

158 1822 300 1880 ritualiter
314 1829 343 1880 et
353 1823 527 1882 voluntarie:
540 1827 600 1880 tum
614 1823 745 1896 quiahoc

159 1899 330 1967 eratturpe;
357 1903 416 1952 tum
447 1897 514 1968 quia
539 1895 660 1953 forsitan
683 1901 746 1954 eret

157 1969 225 2026 lesu
238 1965 403 2040 discipulus,
419 1965 485 2025 licet
499 1968 635 2026 occultus.
653 1970 698 2038 Et,
715 1972 746 2026 ut

160 2041 228 2098 dicit
242 2043 434 2111 Hieronymus,
447 2056 551 2098 nomen
563 2040 644 2098 istius
656 2039 746 2097 Simo·

157 2111 203 2170 nis
221 2113 268 2169 hie
286 2112 461 2184 exprimitur,
488 2114 598 2170 ratione
620 2112 745 2168 illiorum

159 2199 286 2255 suorum,
307 2183 356 2256 qui
373 2190 455 2242 erant
472 2184 578 2242 Christi
602 2183 742 2256 discipuli.

158 2255 745 2328 Crucemdiuportarenonpoteratlesus,

158 2329 224 2453 {puio
239 2343 272 2382 eir
296 2325 498 2383 aiilictionibus
520 2327 747 2396 praecedentibus

170 2399 294 2467 eligatur
308 2401 370 2452 crat
383 2416 391 2466 ς
403 2401 431 2453 et
445 2396 510 2453 ideo
526 2399 541 2454 J
546 2397 617 2454 udtei
633 2414 747 2455 crucem

159 2465 268 2526 Simoni
283 2471 396 2539 portare
415 2471 480 2538 post
503 2469 600 2526 iesum
615 2469 747 2540 impone·

162 2539 241 2596 bant.
259 2541 291 2594 lii
304 2553 359 2610 quo
375 2538 520 2608 docemur,
536 2540 612 2621 quod
624 2540 748 2613 quilibet

162 2609 246 2667 debet
274 2624 386 2666 crucem
411 2609 747 2682 poeuitentiae,quamdiu

163 2682 748 2754 potcst,portare;scd‚cumultcriusnon

160 2757 265 2826 potest,
277 2759 345 2809 tunc
358 2755 450 2825 placet
460 2753 571 2812 Christo
586 2757 660 2826 quod
673 2756 746 2812 alius

159 2839 212 2897 pro
227 2841 261 2881 eo
275 2829 378 2896 portet.
394 2827 450 2882 lste
467 2825 564 2884 Simon
591 2829 746 2884 secundum

160 2896 309 2968 quosdam,
325 2913 381 2953 nori
398 2897 452 2954 iuit
465 2869 575 2956 lerosol
597 2899 676 2969 mita,
695 2899 746 2957 sed

158 2915 747 3041 peregrinusetadicna,quialyuerutflen·

158 3037 228 3110 tilis,
243 3047 271 3096 et
283 3039 373 3098 iactus
384 3040 436 3097 init
447 3042 616 3114 proselytus.
633 3046 667 3099 Et
679 3041 747 3099 licet

159 3111 213 3185 ipsi
227 3115 373 3186 tamquam
385 3114 591 3188 contemptibili
602 3115 746 3188 imposue-

157 3189 226 3242 runt
240 3199 353 3243 crucem
366 3185 478 3243 Domini
490 3189 568 3254 iesu,
584 3187 638 3243 hoc
648 3194 745 3258 tamen

158 3273 215 3314 non
236 3263 318 3315 sacal
342 3274 360 3314 a
387 3258 532 3330 mysterio.
559 3259 746 3330 Signiiicabat

156 3327 746 3472 similitittlltltllttttlltl'

156 3469 332 3541 emptionem
345 3475 422 3540 erat;
439 3487 502 3542 quae
519 3473 653 3530 tenebras
666 3471 744 3545 iguo·

157 3539 746 3616 rantiaeetidololatriasexstirparet,quod

157 3612 317 3695 Alexander
345 3611 568 3686 interpretatum
595 3620 624 3672 ct
655 3621 746 3674 totam

157 3683 315 3742 Ecclesiam
330 3684 366 3743 de
381 3685 520 3744 dentibus
536 3701 587 3744 san
609 3686 674 3746 uine
694 3704 745 3746 auo

156 3754 316 3840 decoraret,
333 3757 411 3830 quod
428 3757 571 3830 significat
589 3703 697 3844 {tulum
716 3766 745 3817 et

155 3841 319 3899 peremnia
343 3844 497 3888 moerorem
523 3830 668 3901 Gentium,
693 3847 746 3904 per

156 3897 351 3956 obedientiam
370 3901 538 3973 deponeret,
554 3904 630 3976 quod
653 3903 745 3961 intor-

155 3973 286 4042 pretatur
298 3970 413 4041 Simon;
432 3977 460 4029 at
474 3973 594 4032 heredes
613 3973 719 4048 regnis
734 4005 745 4016 ·

156 4046 244 4112 cerel,
265 4043 341 4114 quod
355 4041 742 4126 intflerpretaturcyrenaeum

797 455 916 513 verbum
942 447 1036 508 crucis
1060 447 1234 522 rejecerunt,
1273 448 1342 506 uod
1357 447 1396 506 si·
1466 507 1467 514 ,

798 527 915 600 gntiicat
936 519 1064 605 angaria.
1083 523 1146 595 lpse
1165 537 1235 604 ergo
1253 463 1397 603 {hristus

797 597 906 673 primus
922 609 1083 670 passionem
1105 609 1198 650 crucis
1225 599 1373 651 sustinuit
1389 611 1396 662 ;

797 677 826 728 et
840 663 1087 742 postmodumalii,
1096 669 1126 722 et
1135 665 1259 722 maxime
1268 665 1398 723 advena

798 741 934 810 Gentiles,
965 755 1030 796 eum
1060 735 1210 796 imitando.
1239 737 1399 810 Sapientia

798 813 875 872 euim
887 809 983 870 divina
996 805 1149 880 ordinarit,
1166 813 1197 866 ut
1210 807 1274 880 ipse
1292 809 1397 866 Domi-

798 903 854 944 nus
870 897 984 944 crucem
1009 877 1102 954 primo
1121 885 1260 954 portaret,
1276 888 1311 937 et
1327 897 1398 953 por·
1466 877 1467 890 ¹

797 957 887 1016 tando
918 951 1002 1012 nobis
1031 953 1203 1025 portandam
1233 953 1398 1024 praeberet.

799 1030 880 1088 Unde
893 1029 1041 1085 iiiiori'us:
1057 1042 1071 1078 <i
1092 1023 1229 1096 Indignus
1243 1023 1330 1081 enim
1345 1025 1398 1080 Ju-

798 1101 879 1160 daus
894 1103 956 1156 erat
968 1095 1072 1154 Christi
1086 1111 1200 1153 crucem
1214 1095 1309 1176 terre,
1326 1095 1398 1168 quia

798 1173 867 1231 iidei
886 1168 1040 1229 Gentilium
1059 1173 1122 1226 erat
1138 1165 1168 1224 iu
1186 1165 1353 1239 reliquum,
1368 1173 1399 1223 et

798 1259 912 1304 crucem
927 1239 1067 1313 accipere,
1084 1245 1113 1296 et
1124 1241 1257 1310 compati.
1274 1259 1290 1294 ι
1312 1239 1398 1296 Unde

799 1324 828 1376 et
849 1318 965 1376 Glosso:
983 1333 997 1366 o
1015 1313 1086 1368 Ecce
1100 1328 1158 1368 uon
1172 1310 1327 1380 liebraeus,
1346 1309 1399 1367 sed

798 1387 959 1470 alienigena
986 1387 1015 1441 et
1042 1384 1211 1464 peregrinus
1232 1399 1249 1438 o
1271 1381 1398 1455 probriu

799 1459 902 1520 Christi
914 1455 1058 1524 subditur,
1074 1459 1106 1512 ut
1128 1456 1234 1528 plenitu
1258 1472 1274 1510 o
1290 1470 1397 1511 sacra·

799 1537 961 1590 mentorum
975 1525 1098 1585 transire
1112 1543 1130 1583 a
1142 1525 1249 1584 Judaeis
1263 1523 1303 1582 ad
1320 1525 1398 1583 Gen·

798 1609 843 1662 tes
853 1601 1031 1660 ostendatur.
1042 1595 1140 1656 Simon
1148 1597 1195 1670 qui
1216 1597 1399 1671 peobeda'ens

799 1677 1013 1748 interpretatur,
1029 1671 1182 1742 Cyrenaeus
1260 1686 1285 1728 c.
1311 1669 1398 1726 Unde

799 1749 873 1806 bene
885 1762 936 1819 per
949 1759 1015 1801 euni
1028 1739 1395 1823 designanturchristiani

800 1837 834 1878 ei
853 1817 991 1878 Gentibus
1006 1809 1150 1883 conversi,
1175 1829 1224 1885 qui
1241 1813 1396 1885 quondam

799 1889 944 2020 stitit
959 1883 1395 2016 tltltllttltltllthtti

800 2033 875 2092 sinis
889 2029 1043 2100 mandatis,
1062 2025 1129 2087 iacti
1146 2034 1214 2086 sunt
1227 2031 1301 2085 ciues
1318 2030 1395 2086 Seii-

801 2111 905 2164 ciorum
919 2109 945 2160 et
964 2104 1107 2160 domestici
1120 2104 1181 2170 Det,
1196 2097 1295 2173 sicque
1313 2101 1394 2156 licia·

801 2179 849 2235 des
861 2175 973 2249 quidem
986 2178 1046 2244 liei,
1058 2174 1199 2230 coheredes
1209 2179 1300 2228 etitem
1308 2173 1395 2253 Gh'f‘

801 2248 966 2308 aliishaec
987 2247 1095 2305 Gtomo.
1119 2247 1159 2302 De
1176 2243 1244 2300 silla
1258 2259 1332 2316 ergo
1349 2245 1394 2301 Si·

801 2337 870 2378 moii
888 2316 1038 2393 egrediens
1064 2333 1178 2374 crucem
1202 2319 1299 2388 portat
1328 2319 1394 2387 post

801 2393 910 2463 lesum,
936 2405 1000 2447 cum
1018 2389 1140 2462 populus
1163 2387 1324 2458 nadonum,
1380 2417 1393 2429 -

802 2466 883 2536 genis
899 2461 1000 2520 ritibus
1026 2457 1181 2529 derelictis,
1200 2457 1320 2530 vestigia
1337 2403 1394 2516 gg·

801 2535 914 2594 minicae
932 2533 1079 2590 Passionis
1096 2531 1263 2589 obedienter
1275 2531 1392 2602 ampla-

801 2603 1392 2680 elicueritisemmoracasepuocaiui,

801 2703 819 2744 a
832 2703 888 2760 qua
901 2686 1004 2758 pagani
1016 2700 1121 2742 nomen
1135 2687 1300 2752 traxerunt3
1315 2681 1392 2740 unde

801 2775 928 2887 titali?
941 2757 1193 2886 titlltllttti
1206 2771 1312 2884 111·ιέ
1322 2753 1393 2882 ill·

800 2903 913 2974 ophitas
927 2920 936 2957 r
949 2919 964 2955 <i
979 2901 1029 2957 llla
1055 2899 1130 2958 tollit
1158 2913 1273 2956 crucem
1298 2913 1393 2961 suain.

799 2975 850 3045 qui
864 2974 943 3030 venit
963 2971 1074 3041 avitia,
1098 2970 1128 3027 id
1147 2969 1256 3054 estqui
1274 2969 1394 3052 dimittit

800 3045 876 3102 hunc
893 3045 1032 3101 mundum
1053 3049 1082 3100 et
1096 3057 1186 3115 opera
1199 3057 1272 3114 epus,
1299 3057 1328 3098 iu
1343 3043 1393 3098 Je-

800 3117 935 3189 rusalem,
949 3115 979 3172 id
990 3122 1033 3172 est
1042 3114 1072 3172 in
1081 3130 1237 3187 supernam
1247 3112 1391 3170 civitatem

800 3188 942 3245 tendens:
959 3207 974 3239 s
989 3188 1051 3244 baec
1069 3187 1247 3259 Theophilus.

836 3265 870 3316 56
896 3262 1061 3316 Docnuesra
1075 3275 1129 3315 ouo
1158 3275 1192 3314 sir
1207 3273 1390 3316 assumerem

800 3347 1390 3404 caucis,icrusconroiiiiiriomsmommo.

799 3433 835 3446 -
849 3405 888 3460 Er
902 3404 956 3460 boc
981 3403 1102 3460 articulo
1125 3402 1312 3476 bajulationis
1328 3418 1390 3458 cru-

800 3473 840 3531 cis
855 3479 1008 3532 sumuntur
1030 3475 1087 3532 duo
1115 3474 1300 3531 documenta.
1331 3471 1390 3529 Pri·

800 3561 878 3604 mum
891 3551 943 3612 est,
959 3546 1034 3618 quod
1044 3561 1098 3604 nos
1108 3545 1264 3604 Christiani
1278 3559 1391 3602 crucem

799 3623 916 3691 portare
945 3618 1082 3676 debemus
1106 3623 1173 3690 post
1198 3616 1311 3684 iesum,
1327 3619 1392 3689 quia

800 3692 1038 3764 christeapussus
1064 3693 1168 3761 estpro
1195 3689 1288 3758 notis,
1316 3690 1391 3746 bobis

799 3763 959 3833 relinquens
978 3762 1145 3833 exemplam,
1174 3763 1207 3817 iit
1233 3761 1391 3832 sequamini

799 3835 919 3904 oestipi'o
931 3833 1001 3905 eius.
1013 3831 1092 3890 Unde
1101 3834 1142 3890 ait
1152 3832 1270 3890 Closso:
1285 3853 1300 3885 e
1312 3833 1392 3890 Prior

800 3907 939 3962 Dominus
958 3919 1071 3962 crucem
1099 3909 1204 3976 portat,
1237 3902 1286 3976 qul
1314 3903 1392 3978 prior

800 3991 901 4049 passus
920 3982 978 4047 est;
1004 3979 1105 4050 postea
1124 3975 1262 4105 imgffilm
1287 3981 1330 4034 est
1353 3973 1392 4033 Si·

800 4049 879 4105 moni
905 4049 1053 4122 Cpreuaeo,
1078 4051 1144 4120 post
1183 4049 1305 4105 hristum
1332 4061 1394 4130 por·

799 4120 897 4191 tanda,
918 4119 986 4191 quia
1001 4121 1139 4176 debemus
1163 4119 1247 4192 sequi
1272 4125 1392 4190 vestigia

154 4118 183 4171 et
202 4129 318 4172 crucem
337 4115 440 4173 Christi
456 4130 486 4172 in
508 4117 596 4173 altum
612 4133 664 4190 per
682 4133 743 4244 poe·

154 4186 306 4246 nitentium
322 4187 482 4272 estolleret,
504 4189 580 4260 quod
594 4189 744 4246 sustulere
801 4192 874 4264 ejus.
892 4209 907 4246 a
930 4193 964 4249 tit
982 4191 1058 4276 ideo,
1080 4197 1109 4248 ut
1126 4189 1197 4248 dicit
1214 4191 1390 4254 Ambrosius,

154 4275 267 4318 crucem
286 4259 390 4318 Christi
410 4259 572 4332 signiilcat3
594 4267 622 4317 et
635 4261 672 4318 ad
689 4262 745 4318 hoe
801 4279 859 4320 non
873 4263 1389 4336 praecessitSimou,sedsequebatur.

154 4333 361 4406 compellerent
388 4331 490 4404 ludaei,
515 4347 565 4404 per
590 4332 644 4392 hoc
667 4332 744 4405 quod
802 4335 871 4392 ilinc
885 4336 1022 4394 Dominus
1036 4335 1066 4394 in
1082 4333 1236 4408 Esansselio
1254 4351 1261 4392 :
1278 4336 1310 4392 St
1329 4336 1391 4406 pots
