3124 5038
303 415 462 478 QUOMODO
492 416 638 469 uultibus
665 415 831 471 tertuum
859 419 972 473 ttlttld
998 417 1218 478 ulubltsltu.

147 527 310 596 perlingere
333 525 425 597 poluit
441 543 448 580 ε
465 548 479 574 r
498 527 557 581 haec
572 527 730 594 Gregorius.

146 596 284 662 Ouernvis
304 613 373 660 ergo
391 596 479 654 Maria
493 596 610 653 vidisset
630 613 734 669 corpus

146 667 254 727 Christi
275 670 386 732 abesse.
403 669 515 726 volebat
530 673 626 726 tamen
640 669 734 726 adbuc

146 740 247 798 ridere
267 739 290 797 si
321 739 436 806 alieuod
463 739 612 811 vestigium
639 745 734 808 posset

145 813 296 938 Bercipere
308 831 315 882 ;
329 817 357 869 et
373 813 436 869 ideo
451 829 509 870 non
524 813 684 871 sultlciebat
699 813 733 868 si·

166 884 175 940 i
205 885 293 942 semel
326 884 492 956 respexisse.
514 887 545 942 ln
567 887 621 942 hoc
637 889 733 942 aulem

146 957 226 1029 quod
242 959 390 1012 inclinauit
403 973 432 1013 se
446 961 475 1014 et
495 957 619 1028 respexit
631 956 660 1013 iu
673 973 732 1013 mo·

147 1032 327 1098 numentum,
339 1028 422 1086 datur
440 1028 561 1102 intelligi
577 1029 732 1101 quodcum

149 1099 311 1158 humilitate
330 1100 425 1158 cordis
439 1100 577 1158 debemus
591 1101 733 1174 prospice-

151 1187 184 1228 re
199 1178 314 1229 mortem
326 1171 443 1240 Christi;
456 1177 485 1230 el
496 1175 523 1230 in
536 1173 589 1229 boc
599 1173 674 1246 quod
684 1172 734 1230 ite-

150 1259 213 1300 rum
229 1244 381 1317 prospexit,
397 1244 481 1302 datur
494 1245 652 1314 exemplum
667 1261 733 1302 con·

149 1313 231 1373 tinuo
256 1316 337 1372 oculo
361 1318 464 1373 mentis
486 1321 607 1374 mortem
629 1315 733 1374 Christi

148 1387 322 1460 prospicere.
337 1391 373 1444 at
384 1389 457 1444 vidit
472 1387 561 1446 Maria
572 1387 660 1445 oculis
672 1405 732 1444 cor·

147 1459 227 1530 poris
245 1460 422 1517 :etenimex
443 1460 554 1517 fervore
575 1459 733 1517 devolionis

147 1547 236 1602 quam
248 1531 381 1602 babebat,
397 1531 474 1588 illem
490 1531 626 1588 visionem
642 1547 735 1589 meru·

147 1611 222 1666 erat.
243 1603 319 1674 ipsos
333 1603 402 1659 duos
416 1605 527 1673 angelos
544 1605 688 1674 prelatos.
704 1607 734 1660 in

147 1676 362 1738 olbtssedentes.
370 1691 456 1748 supra
466 1675 646 1748 sepulchrum
658 1681 686 1732 et
696 1675 735 1732 lo·

148 1763 213 1804 cum
223 1745 361 1819 corporis,
369 1765 454 1802 uuum
465 1749 502 1802 od
511 1752 605 1819 copul,
614 1752 640 1803 et
649 1763 734 1803 unuin

148 1819 188 1874 od
194 1819 287 1891 pedes,
298 1819 346 1874 ubi
355 1822 475 1888 positum
482 1822 576 1887 suerat
586 1835 683 1888 corpus
693 1821 736 1874 Je-

148 1907 202 1948 su:
220 1890 301 1946 etsie
320 1891 458 1948 sedebant
473 1899 589 1962 propter
603 1907 734 1947 reveren·

148 1964 221 2019 tiam
235 1961 288 2019 loci
303 1962 461 2020 consecrati
477 1979 507 2018 ex
520 1967 596 2020 tactu
608 1961 735 2034 corporis

150 2033 300 2091 Dominici.
326 2037 450 2108 Angelus
465 2035 501 2092 ad
525 2039 611 2104 caput
625 2039 676 2100 est,
693 2049 734 2090 re·

148 2107 248 2163 velans
267 2105 421 2163 divinitatis
436 2122 551 2174 arcana,
568 2104 634 2178 quia
651 2109 736 2177 caput

149 2177 253 2237 Christi
271 2179 344 2234 Deus
361 2183 419 2247 est;
443 2177 568 2250 Angelus
590 2181 685 2234 autem
698 2177 734 2233 ad

148 2247 734 2323 pedesesl,docenshumanitatist'usob

150 2321 251 2405 sequia
260 2320 288 2378 in
300 2320 495 2392 redemptione
505 2320 586 2378 nobis
594 2319 732 2384 impensa.

150 2395 202 2462 Qui
223 2395 320 2450 dicunt
335 2397 361 2450 ei
378 2409 384 2448 ε
401 2395 514 2462 Mulier,
530 2393 600 2464 quid
616 2393 733 2463 ploras?

148 2465 250 2534 Augeli
265 2465 306 2522 sic
323 2465 470 2537 loquentes
487 2467 625 2536 lacrymas
641 2462 732 2535 prohi-

149 2537 732 2608 bebantetluturum'quodemmodogau-

149 2607 228 2666 dium
239 2609 418 2666 nuntiabant.
429 2607 654 2666 Acsidlcerent:
670 2609 732 2664 Plo-

150 2697 216 2738 rare
236 2681 305 2752 noli,
322 2698 379 2738 non
396 2681 483 2738 habes
499 2695 614 2738 causam
634 2679 731 2748 llendi,

149 2753 199 2810 sed
216 2754 304 2825 magis
318 2751 473 2825 gaudendi,
487 2769 520 2810 ex
538 2751 732 2810 Resurrectio-

148 2842 185 2882 ne
201 2825 314 2883 Christi.
334 2827 394 2881 Non
419 2829 461 2882 est
487 2825 667 2897 plorandum,
682 2821 733 2879 sed

150 2897 411 2970 plaudendum;hic
421 2897 482 2954 dies
497 2895 601 2953 letitie
612 2901 664 2958 est,
675 2912 691 2950 ιι
706 2911 732 2950 ιιι

150 2969 295 3038 moerom's;
311 2968 513 3026 laetarenimus
523 2971 653 3024 nrrntiare
668 2965 731 3034 tibi,

149 3039 209 3098 noli
224 3057 292 3113 ergo
307 3040 486 3113 plorare,sed
500 3039 593 3112 potius
603 3036 732 3120 adillum

150 3111 270 3182 respice,
283 3127 368 3185 quem
378 3117 458 3169 tanto
472 3127 570 3169 amore
586 3108 732 3166 desideras

151 3184 258 3242 ridere.
269 3186 304 3242 At
319 3184 367 3241 illa
379 3189 482 3258 putens
494 3199 541 3240 eos
554 3181 731 3252 interrogare

152 3255 234 3328 quasi
249 3255 449 3324 nescientes,et
466 3271 524 3312 non
540 3251 661 3328 Angelos
670 3267 732 3309 esse

151 3327 201 3384 sed
210 3327 351 3398 homines,
364 3327 459 3402 prodit
467 3327 731 3400 lacrymarumcau-

152 3415 209 3470 sas,
222 3407 250 3456 et
264 3401 332 3456 dicit
347 3403 385 3456 eis
401 3417 407 3456 :
424 3401 496 3468 Quia
511 3401 632 3455 tulerunt
644 3399 733 3454 Domi·

152 3487 218 3527 num
232 3487 331 3540 meum,
343 3471 377 3528 de
390 3475 588 3531 monumento.
605 3475 630 3526 et
644 3471 733 3525 nescio

153 3543 203 3598 ubi
216 3549 365 3616 posuerunt
386 3559 458 3612 eum,
473 3542 618 3600 arbitrans
638 3545 746 3598 custo·.

152 3615 204 3671 des
228 3615 270 3672 rel
291 3615 406 3672 Judaeos
432 3629 497 3684 epm
523 3631 585 3672 esse
615 3613 732 3670 iuratis.

152 3689 271 3759 Magnus
287 3703 356 3759 ergo
371 3686 453 3744 dolor
468 3703 512 3743 me
526 3687 595 3742 llere
610 3684 733 3757 compel-

152 3758 195 3828 lit,
208 3775 311 3829 magua
324 3758 439 3815 tristitie
455 3757 563 3814 viscera
581 3772 644 3813 mea
659 3771 736 3812 coar-

153 3836 221 3888 ctat.
237 3834 365 3888 Timebat
380 3830 457 3888 euim
478 3847 512 3886 ne
527 3827 617 3886 ludet
633 3843 736 3900 corpus

153 3901 257 3960 Christi
274 3902 302 3959 in
318 3903 540 3986 aliquemlocum
553 3900 736 3956 inhonestum

153 3975 351 4048 projecissent,
363 3975 525 4032 inridentes
537 3971 637 4030 horrori
645 3970 737 4044 sepul·

153 4051 228 4104 turae
240 4047 320 4118 ejus;
335 4051 376 4103 vel
395 4063 429 4104 ne
443 4047 516 4103 lorte
528 4049 736 4116 asportassent,

153 4127 185 4176 ut
201 4118 226 4175 ei
242 4117 427 4190 ignominiam
441 4119 575 4175 lacerent.
588 4117 696 4186 Agebat
708 4114 737 4170 in

153 4207 188 4248 ea
199 4190 240 4246 vis
254 4189 371 4256 amoris,
387 4199 417 4248 ut
440 4207 496 4246 non
512 4189 657 4245 inventum
682 4203 737 4242 non

153 4265 284 4320 crederet
302 4261 356 4318 uisi
372 4261 535 4324 sublatum;
559 4265 587 4316 et
602 4259 663 4316 baec
681 4275 738 4314 an-

153 4334 255 4408 gustiae
286 4350 373 4392 cansa
398 4339 469 4402 erat,
498 4331 565 4406 quia
593 4329 738 4414 nesciebat

152 4407 201 4465 ubi
214 4405 366 4474 insaniret,
381 4409 412 4464 et
425 4405 551 4463 olllcium
569 4403 677 4461 lunens
689 4418 738 4458 rm-

224 4504 291 4555 Vrsa
309 4505 374 4555 lusu
391 4507 511 4562 Crrarsrr.
529 4503 618 4552 'leuas
637 4489 704 4552 Μ’)

1335 429 1377 483 193

790 527 945 598 penderet:
969 543 1027 584 non
1050 528 1119 585 dicit
1142 547 1245 605 corpus
1263 535 1376 596 Domini

790 597 844 654 mei
853 617 861 667 ;
876 597 924 654 sed
939 599 1100 682 bominum,
1117 607 1206 660 aloto
1220 605 1375 680 designans

788 673 910 742 partem,
927 677 1001 728 srcut
1018 689 1119 730 omnes
1134 676 1305 735 confitemur
1322 683 1376 738 Je-

789 758 850 798 sum
872 742 1015 800 Christum
1037 744 1138 802 Filium
1152 747 1201 804 Dei
1221 751 1375 825 sepultum,

789 829 854 871 cum
871 815 931 872 sola
951 831 1014 872 eus
1029 817 1142 888 sepulta
1161 818 1198 876 sit
1211 837 1289 880 caro.
1307 825 1377 884 Vide

788 884 835 942 hic
861 886 1022 944 mirabilem
1040 889 1238 962 operationem
1257 895 1375 957 amoris.

791 957 877 1014 Paulo
897 963 964 1016 ante
978 959 1110 1018 audierat
1126 963 1162 1020 ab
1179 980 1235 1022 uno
1254 967 1296 1023 An
1337 969 1375 1038 lo,

788 1029 864 1102 quod
881 1031 1047 1113 resurrexit,
1064 1039 1094 1089 et
1106 1038 1204 1106 postea
1218 1053 1236 1094 a
1250 1037 1306 1095 diro
1329 1057 1373 1109 us,

788 1101 866 1229 guod
886 1105 1018 1172 vivebat3
1033 1109 1062 1161 at
1076 1121 1133 1161 non
1148 1108 1326 1180 recordatur,
1346 1117 1376 1170 el

809 1180 857 1230 rcrt
869 1190 876 1229 τ
889 1177 989 1231 ποιοῖο.
997 1177 1100 1234 Amore
1111 1177 1164 1235 hoc
1175 1178 1375 1254 faciebatque

788 1247 885 1302 anima
908 1263 959 1303 sua
982 1263 1040 1304 non
1068 1253 1140 1316 erat,
1157 1249 1203 1308 ubi
1218 1251 1279 1324 ipsa
1295 1261 1373 1327 eret;

789 1315 840 1373 sed
864 1316 902 1374 ibi
918 1323 989 1386 erat,
1004 1317 1053 1376 ubi
1067 1319 1202 1391 Magister
1214 1339 1282 1382 suus
1298 1334 1370 1382 erat.

789 1390 926 1460 Namque,
944 1389 1102 1448 secundum
1118 1393 1271 1464 origenem,
1289 1397 1373 1468 spiri-

790 1465 836 1517 tus
847 1459 943 1518 Mariae
957 1461 1048 1534 magis
1063 1471 1125 1519 erat
1140 1462 1169 1520 in
1184 1481 1303 1538 corpore
1314 1471 1372 1525 lla·

789 1532 881 1604 gistri.
893 1549 978 1603 quam
992 1533 1021 1590 in
1032 1549 1092 1590 suo.
1105 1534 1253 1593 Nesciebat
1271 1540 1372 1612 cogita·

790 1621 831 1672 re,
844 1603 886 1661 vel
899 1603 985 1676 loqui,
998 1603 1041 1662 vel
1052 1604 1162 1670 audire,
1176 1607 1229 1664 nisi
1242 1609 1277 1666 de
1289 1610 1351 1683 ipso
1365 1629 1372 1667 :

789 1679 825 1732 Et
838 1678 939 1745 neseio,
954 1674 1058 1749 inquit,
1072 1677 1121 1732 ubi
1135 1688 1285 1748 posuerunt
1298 1700 1369 1740 eum.

790 1749 855 1804 llaec
868 1751 931 1804 erat
957 1749 984 1805 ei
1008 1748 1099 1819 major
1115 1765 1201 1808 causa
1220 1751 1328 1810 doloris
1345 1760 1373 1812 at

788 1818 986 1887 desolationis,
1003 1819 1072 1892 quia
1086 1821 1297 1897 nesciebatque
1319 1827 1373 1883 iret

789 1891 826 1948 ad
837 1891 1192 1960 consolandumdolorem,
1204 1901 1232 1951 et
1247 1897 1294 1954 ubi
1308 1913 1373 1954 enm

791 1965 941 2020 inveniret.
955 1963 1051 2026 Maria.
1073 1965 1139 2036 quia
1158 1965 1228 2022 vidit
1250 1967 1373 2036 lapidem

789 2033 943 2102 subletum,
954 2033 1074 2090 credidit
1089 2035 1232 2094 Christum
1248 2039 1373 2097 loretum

789 2113 818 2162 et
830 2105 1022 2178 deportatum.
1038 2105 1132 2178 lepide
1147 2107 1224 2166 enim
1248 2111 1371 2182 sublato,

789 2193 891 2250 corpus
919 2176 1039 2234 faciliter
1061 2183 1209 2236 amovetur
1224 2179 1260 2238 de
1274 2198 1373 2240 mouu-

790 2255 896 2318 mento,
917 2248 992 2320 quod
1008 2247 1070 2304 lieri
1087 2265 1143 2306 non
1164 2256 1257 2322 potest
1275 2269 1372 2324 quam·

789 2319 917 2391 diulapis
930 2319 1128 2392 superpositus
1140 2327 1181 2378 est
1195 2345 1201 2379 ε
1219 2323 1259 2379 sic
1275 2341 1373 2397 quam·

789 2390 838 2448 diu
862 2391 933 2464 lapis
951 2391 1060 2449 timoris
1083 2393 1132 2450 Dei
1156 2393 1185 2449 in
1202 2395 1287 2453 corde
1315 2403 1371 2468 est,

789 2463 918 2522 Christus
930 2465 966 2522 ab
987 2480 1021 2520 eo
1042 2463 1148 2521 aulerri
1162 2481 1218 2522 non
1233 2474 1333 2538 potest,
1350 2469 1373 2526 si

788 2541 883 2592 aulem
905 2542 1062 2599 amovetur,
1084 2535 1139 2592 cilo
1156 2536 1249 2609 ipsum
1267 2539 1369 2611 perdit.

823 2608 993 2676 bQuanrrra
1010 2609 1143 2666 Camsrus
1161 2627 1292 2668 seranum
1311 2615 1374 2670 llx-

788 2696 927 2736 oosneue.
937 2711 972 2721 -
982 2681 1051 2737 Cum
1063 2687 1157 2737 aulem
1170 2682 1258 2739 Maria
1268 2683 1375 2756 sicplo-

788 2757 874 2816 reret,
890 2768 941 2808 nec
955 2751 990 2808 de
1005 2751 1119 2821 Angelis
1133 2753 1241 2826 aliquid
1251 2761 1373 2829 curaret,

787 2839 869 2879 amor
888 2839 965 2892 suus,
993 2823 1127 2894 Magister
1150 2841 1227 2894 suus,
1251 2829 1375 2898 amplius

788 2911 818 2968 se
833 2899 929 2950 tenere
945 2910 1001 2949 non
1016 2893 1114 2965 poluit.
1131 2896 1267 2954 Dominus
1288 2897 1376 2969 igitur

786 2968 868 3022 lmus
885 2965 971 3020 relert
989 2966 1043 3021 boc
1071 2964 1153 3022 Matri
1172 2982 1241 3037 suae,
1260 2973 1287 3026 et
1306 2969 1375 3026 dicit

788 3036 940 3110 quodvult
960 3035 1001 3092 ire
1023 3035 1059 3093 ad
1077 3037 1283 3097 consolandum
1297 3058 1373 3104 eam.

787 3107 1004 3179 valedicensque
1012 3109 1104 3177 Matri,
1116 3109 1228 3167 venitin
1245 3127 1374 3170 momen-

788 3187 816 3237 to
836 3179 865 3236 in
894 3182 1019 3249 hortum,
1039 3177 1087 3237 ubi
1107 3185 1168 3237 erat
1196 3183 1371 3254 Magdaleua.

788 3253 849 3310 Stat
861 3249 963 3308 mulier
977 3259 1005 3308 et
1019 3250 1128 3322 plorat;
1146 3251 1227 3309 adest
1244 3271 1308 3312 vero
1324 3258 1373 3314 le·

788 3339 836 3381 sus
851 3321 1033 3380 moerentium
1054 3323 1227 3393 consolator,
1242 3331 1272 3382 et
1288 3327 1372 3384 muli-

789 3411 846 3453 eris
860 3393 922 3468 pias
935 3393 1074 3466 lacrymas
1089 3393 1226 3465 intuetur,
1241 3396 1324 3470 eique
1337 3401 1373 3456 ab

789 3465 905 3540 Angelis
916 3481 947 3524 se
961 3464 1081 3523 vertenti
1097 3473 1126 3524 et
1138 3471 1292 3526 retrorsum
1309 3486 1372 3527 con-

789 3555 879 3596 versae
898 3553 1037 3612 apparere
1055 3537 1189 3610 dignator
1207 3556 1214 3594 :
1235 3542 1297 3597 llaec
1314 3559 1374 3598 cum

790 3613 1375 3680 dixissetponuersoestretrorsum,elvidit

789 3685 881 3740 lesum
898 3688 1025 3738 stantem.
1055 3684 1108 3738 Per
1133 3681 1185 3738 hoc
1203 3684 1373 3754 ostenditur,

791 3755 868 3828 quod
883 3753 906 3810 si
919 3753 982 3826 quis
995 3751 1138 3812 Christum
1153 3751 1249 3812 ridere
1263 3755 1375 3814 deside-

791 3833 846 3895 rit,
862 3831 973 3908 oportet
983 3830 1014 3881 ut
1028 3824 1062 3880 ad
1079 3826 1165 3880 Oeum
1178 3837 1373 3898 conversatum

792 3898 859 3970 quio
878 3897 917 3953 illi
934 3897 970 3953 ad
988 3899 1075 3953 Deum
1100 3895 1251 3954 videndum
1276 3916 1376 3972 perve-

793 3973 887 4036 niunt,
901 3968 992 4040 quise
1006 3968 1131 4024 totaliter
1144 3985 1194 4042 per
1206 3985 1332 4028 amorem
1345 3973 1375 4028 iu

793 4057 858 4099 eum
881 4045 1058 4097 convertunt.
1082 4041 1131 4098 Ubi
1152 4043 1192 4098 ait
1216 4046 1375 4114 chrysosto-

793 4129 853 4169 mus
869 4131 878 4169 :
895 4132 908 4164 ιι
926 4113 983 4170 Cur
999 4127 1054 4169 non
1068 4116 1236 4184 exspectavit
1253 4115 1375 4185 Angelo-

794 4201 857 4242 rum
869 4199 1050 4254 responsum,
1064 4183 1115 4240 sed
1129 4200 1265 4242 conversa
1277 4194 1321 4242 est
1333 4203 1377 4243 re·

794 4266 930 4320 trorsum.
942 4255 1050 4313 eumad
1062 4253 1156 4312 minus
1168 4255 1297 4313 homiues
1306 4257 1377 4314 mul-

795 4333 831 4387 tae
843 4327 1009 4387 reverentiae
1020 4327 1216 4454 affecerant?
1228 4327 1287 4410 Dic,
1301 4327 1378 4400 quia,

797 4417 860 4458 cunr
878 4399 966 4458 Maria
980 4398 1029 4454 illa
1067 4402 1165 4469 iceret,
1183 4399 1312 4455 Christus
1329 4401 1379 4455 ed-

1262 4502 1287 4546 li
