2974 5040
379 447 420 504 llll
450 447 574 516 SEXTA,
604 451 635 506 lit
664 449 828 508 lissinis
855 447 987 503 DOMINI.
1266 445 1308 500 ltu

79 567 190 612 sursum
213 569 370 628 versusque
384 556 421 614 ed
445 562 531 630 ceput
543 557 662 630 eminet,

79 633 194 702 propter
206 630 447 700 exspectationem
460 645 661 714 supernorum,

78 713 113 756 ne
138 697 187 756 illa
203 715 291 773 opera
305 701 380 758 hone
393 705 479 772 atque
494 717 523 757 in
546 701 587 759 eis
600 718 662 776 pei·

78 771 252 842 severantia,
280 779 397 844 propter
421 773 590 844 temporalia
611 775 661 831 llei

80 841 232 912 beneficia,
247 843 603 914 credanturlacionda,sed
613 861 661 918 po-

77 915 131 970 lius
143 919 265 987 propter
278 915 451 988 sempiterna
465 917 616 988 speranda.
630 920 661 974 lu

75 985 223 1058 prolundo¹
241 985 439 1044 inscrutabilia
461 987 569 1060 judicia
599 988 660 1060 Dei,

77 1057 149 1114 unde
168 1057 226 1114 isla
249 1060 342 1130 gralia
355 1058 404 1115 llei
420 1060 449 1115 in
467 1059 597 1117 homines
611 1077 662 1118 ve·

76 1127 137 1184 nit:
158 1133 188 1185 et
214 1130 271 1185 hoc
291 1135 334 1186 est
356 1129 385 1186 in
407 1129 457 1186 illa
475 1137 556 1204 perte
579 1131 660 1204 ligni,

77 1215 137 1270 quae
163 1203 251 1257 terrie
277 1201 373 1257 ebdlto
396 1201 489 1258 dellim
511 1203 595 1272 lalel;
611 1203 661 1260 sed

78 1269 141 1327 inde
166 1273 318 1344 consurgit
345 1272 416 1330 illud
442 1275 517 1346 quod
542 1275 659 1346 eminet,

77 1343 140 1414 quia
152 1348 256 1400 cuncte
270 1343 312 1400 eis
321 1345 522 1416 apparentiaet
534 1345 660 1403 emineu·

77 1415 113 1468 tin
123 1413 188 1472 inde
201 1421 390 1486 consurgunt,
399 1416 471 1473 sicut
482 1418 661 1475 honanoslre

77 1485 111 1541 de
137 1486 336 1558 profunditate
366 1487 466 1560 gratim
497 1488 565 1556 Dei,
596 1505 659 1562 quae

77 1557 280 1630 comprehendi
299 1573 332 1615 ac
345 1559 468 1630 iudicari
486 1575 545 1616 non
566 1565 661 1632 polest

78 1629 208 1686 universe
222 1631 392 1704 procedunt,
414 1632 480 1704 qnia
498 1647 531 1688 eii
549 1632 661 1690 occulta

77 1699 122 1756 Dei
146 1700 294 1758 voluntate
313 1707 430 1760 vocatur
451 1703 487 1760 ad
528 1703 660 1776 anticipa·

77 1769 179 1852 tionem
193 1777 285 1832 tenlae
300 1777 411 1846 graliae,
424 1775 497 1831 alius
507 1719 592 1832 Romo
608 1775 659 1848 sio,

77 1841 245 1926 airusaulem
254 1844 305 1901 sic.
318 1845 582 1918 supereminentem
592 1861 660 1905 vero

77 1920 197 1972 scientie
214 1916 367 1973 caritatem
383 1917 499 1988 Christi,
515 1933 578 1974 eam
593 1933 659 1991 pro·

77 1983 145 2042 lecto
158 1986 238 2058 dicit,
255 1987 305 2045 ubi
321 1988 437 2062 paxillo
458 1993 511 2059 est,
529 2005 591 2060 quoe
606 2005 660 2047 ex-

75 2065 184 2127 superat
196 2075 317 2116 omnem
330 2059 515 2118 intellectum.
530 2063 587 2118 lloc
602 2077 659 2118 au-

78 2133 131 2183 tem
142 2129 314 2204 mysterium
328 2131 470 2204 explicans
487 2132 527 2189 sic
542 2132 582 2189 ait
595 2136 659 2190 Ber·

76 2201 200 2258 nardus:
218 2223 232 2255 i
250 2202 381 2259 Christus
397 2203 427 2260 in
448 2219 531 2260 cruce
543 2203 659 2290 patieu-

76 2269 147 2354 tlam·
169 2273 298 2342 exhibet,
326 2273 519 2332 obedientiam
547 2277 657 2350 implet,

76 2342 265 2402 humilitatem
276 2346 456 2403 commendat
468 2351 498 2404 et
510 2346 658 2405 caritatem

75 2415 261 2484 permititis
280 2431 348 2488 ergo
375 2425 498 2490 quatuor
520 2419 657 2476 virtulum

75 2486 200 2558 gemmis,
215 2497 343 2562 quatuor
358 2487 476 2546 brechia
498 2491 591 2548 crucis
605 2491 656 2550 de·

75 2569 215 2616 rorantur.
234 2560 460 2634 supereminens
474 2565 518 2618 est
536 2562 656 2632 caritas;

77 2628 217 2708 adextris,
233 2630 420 2702 obedientior
434 2648 451 2690 a
466 2633 599 2702 sinistris,
609 2649 657 2706 pe·

75 2700 180 2782 tienlia3
198 2705 226 2759 in
254 2703 410 2776 profundo,
430 2703 510 2762 radix
529 2707 657 2762 omnium

78 2775 217 2844 intutum,
235 2773 385 2831 humilitas
401 2791 409 2831 t
425 2795 440 2826 ii
457 2775 518 2832 haeo
536 2779 655 2832 Bernar-

75 2841 131 2898 diu.
143 2846 172 2902 ln
183 2849 405 2906 cuatuoretiam
417 2845 541 2904 brachiis
552 2847 655 2918 crucis,

75 2919 203 2996 notentur
212 2921 340 2990 quatuor
349 2916 427 2976 inter
436 2917 581 2992 praecipua
593 2935 657 2976 cru·

74 2997 110 3040 cis
126 2988 267 3046 beneficia
287 3003 295 3044 τ
315 2987 410 3060 signat
426 2989 502 3046 enim
517 3005 584 3062 pars
600 3005 656 3048 su-

74 3056 164 3180 perior
169 3059 268 3142 iauuae
276 3059 399 3118 coelestis
409 3061 602 3144 apertionem3
614 3061 656 3118 in-

84 3143 164 3208 erim,
178 3130 286 3188 interni
299 3132 523 3190 destructionem
535 3149 542 3200 l
556 3147 574 3190 a
588 3133 655 3190 dex·

74 3201 130 3270 tris,
144 3202 246 3272 gratiis
266 3201 463 3286 collationemi
482 3219 500 3260 a
517 3203 654 3280 sinistris,

75 3281 251 3338 peccatorum
263 3289 473 3333 remissionem.

109 3347 138 3398 ι5
150 3344 297 3404 Limouuii
309 3363 654 3418 cnucisixio,nocuiieuruii

76 3427 106 3468 ex
123 3431 157 3472 au
178 3434 211 3473 ιτ
226 3435 337 3476 orario.
366 3448 401 3461 -
427 3421 502 3478 Tunc
525 3421 655 3490 crucifici

76 3491 136 3540 nint
148 3503 208 3544 erim
226 3503 257 3544 eo
270 3492 338 3547 lesu
357 3488 467 3547 scilicet
487 3491 542 3548 duo
562 3493 654 3547 latro-

75 3569 127 3624 nes,
139 3565 257 3632 propter
267 3561 375 3618 scelera
388 3561 517 3620 damnali
530 3579 537 3631 ;
551 3577 654 3619 erineo

73 3625 184 3712 deutris,
199 3629 248 3703 qui
264 3631 294 3690 in
310 3632 368 3690 line
380 3633 523 3708 poenilnit,
539 3641 567 3691 et
580 3650 654 3690 unas

73 3703 232 3776 crinistrts,
247 3703 294 3774 qui
308 3704 336 3760 in
349 3704 507 3777 pertinacia
521 3721 654 3778 permen·

73 3771 121 3840 sit;
137 3775 163 3828 et
179 3775 262 3830 lesus
277 3777 306 3832 iii
323 3775 428 3844 medio,
444 3775 492 3850 qui
513 3776 653 3834 mediator

74 3838 107 3893 ed
129 3843 370 3903 reconciliandum
388 3847 451 3906 luit.
474 3847 539 3916 Sed,
558 3864 653 3922 quan·

73 3915 128 3967 tuni
146 3914 181 3970 ad
199 3915 387 3976 intentionem
404 3919 582 3988 ludaeorum,
597 3920 653 3978 hoc

74 3977 172 4040 lactum
186 3991 230 4044 est
244 3989 281 4058 ei,
296 3989 332 4046 ed
347 3989 535 4062 ignominiam
550 3997 579 4048 et
602 4005 653 4066 op·

75 4051 227 4138 probrium,
247 4065 277 4116 ut
302 4059 410 4118 scilicet
439 4077 527 4118 cause
551 4065 652 4120 mortis

75 4127 447 4261 fiffi'affiissjudicmff
465 4149 557 4216 cause
569 4149 652 4260 moli*-

75 4261 149 4323 lactis
162 4284 260 4350 eorum
269 4219 466 4346 ‚leiizrgplppgp
470 4219 653 4334 1egrlili‘mnsgcei-

76 4343 143 4414 elate
161 4341 354 4404 infamaretur.
370 4349 424 4406 Sed
445 4347 469 4405 si
491 4349 527 4404 ed
547 4357 651 4420 myste-

75 4417 142 4466 rium
160 4414 332 4490 attendetur,
351 4419 406 4478 hoc
430 4421 467 4478 ed
494 4419 652 4478 claritatem

718 555 823 617 Christi
842 557 975 630 pertinet,
991 569 1057 614 nain
1082 569 1134 628 per
1151 555 1203 614 lioe
1215 561 1307 615 osten-

718 629 804 698 ditur,
820 629 895 702 quod
911 645 961 700 per
972 628 1137 684 Passionem
1152 643 1233 684 suam
1245 643 1305 686 me-

717 703 834 759 rebatur
843 699 1026 774 judiciariam
1047 703 1227 772 potestatem.
1251 701 1308 758 lle·

717 773 794 830 dium
808 775 884 830 enlin
897 777 994 829 leuare
1008 770 1124 901 proprie
1135 769 1258 843 pertinet
1269 771 1307 830 tid

714 845 850 918 judicem.
874 844 955 902 Unde
973 843 1042 900 dicit
1078 844 1264 912 hrysoatomus
1296 863 1305 900 r

718 916 861 974 «Pariter
886 915 1056 998 crucifigunt
1082 913 1219 984 latrones,
1248 929 1306 972 non

717 995 864 1062 tamquam
895 985 1002 1044 inimici
1027 985 1183 1057 latronum,
1217 985 1306 1056 perti·

717 1062 795 1132 cipes
817 1061 895 1118 enim
921 1061 1004 1115 erant
1033 1055 1149 1114 sceleris
1182 1071 1303 1127 eorunm

717 1132 767 1188 sed
784 1135 816 1188 ut
838 1129 1010 1188 infamarent
1036 1127 1186 1185 Dnminum
1205 1141 1301 1198 suum,

717 1203 794 1276 quod
818 1217 875 1260 non
893 1200 956 1258 sine
970 1215 1056 1258 csusa
1080 1199 1232 1256 crucillxus
1249 1207 1301 1274 est,

716 1276 766 1332 sed
789 1272 870 1347 quasi
893 1273 942 1346 qui
968 1272 1146 1330 facinorosus
1168 1269 1303 1329 inventus

716 1345 763 1404 eit.
787 1366 801 1399 l)
824 1345 903 1402 Unde
926 1347 954 1402 el
968 1343 1133 1400 Ambrosius
1149 1361 1158 1398 ε
1177 1363 1192 1396 ιι
1211 1343 1302 1410 Quum

716 1416 899 1474 exsecrabilis
910 1415 940 1473 in
953 1415 1027 1474 lacto
1041 1412 1179 1486 iniquitas
1190 1414 1303 1472 ludaeo-

716 1485 1302 1632 thliihlltlltlttmtitillet

736 1631 855 1701 ermisit,
886 1635 915 1687 el
937 1645 1002 1686 cuni
1028 1629 1223 1700 peccatoribus
1252 1643 1301 1686 ro·

716 1649 770 1760 fuit
797 1701 937 1774 cruciligi,
952 1705 985 1758 ut
1011 1699 1177 1758 ostenderet
1200 1715 1231 1758 se
1249 1715 1301 1772 pro

715 1773 913 1860 peccatoribus
931 1771 990 1848 pati
1008 1775 1037 1829 et
1051 1769 1144 1842 mori;
1160 1775 1189 1829 et
1203 1775 1236 1829 ut
1253 1771 1302 1829 ed·

716 1847 882 1920 impleretur
899 1844 1044 1918 Scriptura
1059 1845 1149 1910 isaie,
1169 1857 1233 1918 que
1252 1841 1301 1900 diu

715 1923 783 1976 ante
802 1917 937 1976 dixerat:
961 1919 1074 1974 Etrurii
1099 1917 1240 1973 sceleratis
1257 1931 1301 1971 ra·

714 1995 829 2062 putatus
855 1994 906 2046 eat.
937 1988 1007 2046 Cum
1026 1986 1134 2060 lniquls
1161 2003 1230 2060 ergo
1249 2001 1301 2044 re·

713 2065 830 2189 putatus
842 2062 885 2116 esl
900 2059 929 2116 in
944 2065 1047 2129 morte,
1057 2065 1089 2116 ut
1102 2057 1217 2131 iniquos
1231 2057 1300 2115 nlil-

736 2137 780 2189 cel
790 2130 820 2188 in
836 2129 1046 2188 resurrectione
1058 2145 1065 2186 r
1078 2149 1093 2184 n
1108 2131 1170 2187 liaeo
1184 2129 1301 2186 Ammo·

713 2207 782 2260 sirie.
817 2203 927 2260 Pendet
951 2217 1021 2274 ergo
1058 2202 1196 2259 Dominus
1224 2199 1301 2258 inter

714 2277 785 2333 duos
801 2274 939 2344 latrones,
949 2271 1031 2345 quasi
1045 2271 1101 2332 duri
1115 2277 1144 2330 el
1161 2271 1300 2344 magister

713 2345 864 2404 crimmum
888 2345 919 2402 in
937 2343 1031 2402 medio
1052 2345 1172 2402 locatus.
1193 2345 1225 2402 ln
1244 2343 1299 2400 hoc

712 2425 809 2476 autem
824 2415 990 2491 mysterium
1005 2415 1101 2498 linaiis
1110 2413 1212 2500 judicii
1225 2413 1300 2500 desi-

712 2495 827 2574 gnotus,
843 2489 957 2562 quando
976 2494 1073 2545 reniet
1093 2486 1180 2545 Pilius
1199 2488 1298 2544 homi-

711 2558 1296 2714 inlnsnlnniiniltnill:

711 2711 756 2762 cel
771 2705 882 2774 hoedos,
894 2719 911 2761 a
923 2702 1057 2760 sinistris.
1067 2703 1147 2760 Unde
1161 2705 1297 2772 Hierony·

710 2791 771 2832 min
785 2795 793 2833 ε
806 2797 820 2831 u
834 2777 903 2834 Cum
914 2775 1020 2846 iniquis
1031 2774 1296 2848 Veritasdepuleta,

710 2863 798 2905 unum
813 2847 930 2919 reliquit
944 2845 1106 2914 sinistrum,
1118 2845 1242 2904 alterum
1254 2859 1298 2902 as-

710 2917 830 2990 sumpsit
844 2918 985 2986 dextrum,
1003 2917 1077 2975 sicut
1095 2919 1125 2974 in
1138 2917 1184 2974 die
1196 2915 1297 2990 judicii

710 2989 805 3048 saciet.
818 2989 964 3048 Confessio
980 2989 1075 3047 hreris
1089 2988 1177 3046 sitam
1198 2987 1297 3062 acqui·

711 3060 775 3118 sivit
798 3061 925 3134 longam,
952 3063 983 3118 el
1006 3059 1187 3134 blasphemia
1215 3057 1298 3116 linita

709 3147 796 3205 poene
822 3132 957 3218 plectitur
985 3137 1104 3190 telerna.
1130 3132 1246 3214 »dude
1268 3135 1298 3190 el

709 3206 885 3274 deposimus
907 3223 916 3262 r
944 3205 987 3262 ‹il
1010 3220 1042 3262 sa
1064 3219 1142 3274 crux,
1158 3219 1183 3260 si
1201 3205 1296 3262 etten-

709 3275 772 3344 des,
796 3273 922 3334 tribunal
951 3219 1013 3333 liiii.
1042 3275 1074 3331 ln
1094 3274 1189 3331 medio
1216 3272 1294 3330 enlm

707 3345 809 3406 iudice
821 3345 988 3416 constituto,
1001 3345 1157 3404 unuslalro
1172 3345 1220 3420 qui
1234 3359 1295 3402 cre·

708 3417 791 3486 didit,
811 3415 949 3476 liberatus
969 3423 1031 3487 est;
1060 3419 1108 3490 qui
1135 3415 1282 3476 insultavit

708 3492 859 3548 damnatus
874 3495 925 3548 est.
944 3490 1008 3574 iem
1021 3487 1214 3572 significahat,
1225 3458 1294 3618 quid

707 3563 835 3620 lecturus
846 3566 889 3620 est
901 3561 937 3620 de
948 3577 1020 3618 viris
1034 3567 1063 3618 et
1072 3565 1207 3618 mortuis:
1221 3577 1238 3618 a
1251 3573 1294 3617 ios

709 3633 854 3706 positurus
869 3641 913 3690 est
931 3633 967 3690 ad
992 3633 1155 3704 dexteram
1169 3633 1241 3690 elios
1256 3631 1293 3690 ad

708 3705 862 3762 sinistram.
888 3704 1086 3776 indicabatur,
1104 3712 1133 3762 et
1150 3703 1292 3780 judicium
1338 3709 1344 3719 ·

707 3776 873 3834 minabatur
888 3793 896 3836 ι
913 3777 1193 3860 ihaechupustinits.
1208 3777 1293 3832 -Ex

706 3848 762 3906 hoc
785 3847 906 3906 articulo
930 3847 1125 3906 crucifixionis
1144 3849 1293 3908 latronum

707 3935 771 3977 cum
792 3919 906 3976 Christo
931 3919 1057 3976 trahitur
1075 3917 1278 3978 documentum

707 3989 783 4119 flmd
810 3995 839 4048 et
866 4006 920 4074 pos
944 4005 1008 4074 cum
1031 3989 1143 4049 Christo
1163 3960 1293 4062 cruciligi

727 4063 846 4120 ehcmus
872 4077 903 4118 m
928 4061 1023 4120 medio
1050 4061 1205 4122 latronum.
1221 4065 1293 4121 llam

707 4133 783 4192 sicut
798 4133 838 4190 ibi
852 4137 917 4190 suut
933 4139 992 4192 tres
1006 4133 1133 4192 crucillxi
1149 4152 1157 4192 τ
1173 4134 1229 4194 duo
1244 4133 1292 4191 la-

704 4209 815 4274 trones,
831 4210 860 4262 et
874 4206 985 4264 medius
997 4207 1097 4280 lesns;
1111 4209 1151 4264 sic
1166 4205 1196 4263 in
1208 4204 1294 4264 noble

707 4277 855 4334 moraliter
868 4277 1062 4351 crucifigenda
1074 4283 1142 4336 sunl
1155 4276 1221 4347 tria,
1236 4273 1291 4332 sci·

707 4347 775 4406 licet
793 4365 800 4405 τ
817 4365 884 4408 caro
896 4357 924 4407 ct
937 4349 1071 4420 mundus,
1087 4349 1135 4422 qul
1150 4364 1202 4421 per
1218 4347 1290 4404 duos

707 4421 845 4493 lotiones,
859 4427 889 4479 et
908 4421 1025 4494 spiritus
1040 4425 1148 4492 noster,
1172 4416 1222 4491 qui
1238 4431 1290 4490 per
