3036 5042
139 411 170 466 Ἀ
492 413 651 470 titulun
678 413 798 472 initiis
825 413 930 470 ttlbt
957 413 1022 468 ΗΧ

141 519 246 580 dinem.
264 521 360 582 Bonus
375 523 473 592 pastor
491 519 629 594 vigilabat
643 537 729 595 snper
781 519 912 578 tribulari
928 535 981 580 nne
998 521 1123 592 (portet,
1137 529 1202 574 eum
1220 507 1370 591 gaudiosi

140 591 266 650 custodia
279 590 375 664 pusilli
390 591 486 665 gregis
501 591 554 650 sui.
571 593 594 651 Ο
644 594 726 652 andis
781 592 957 654 conlidentie
971 579 1369 664 sustineamus--ltoraliter

140 664 234 722 amori
250 665 467 722 Verebonuset
500 668 600 724 iusest
635 666 725 738 iupa·
772 679 904 738 quoque,
925 667 1022 722 monet
1041 677 1094 720 nos
1111 662 1147 718 ad
1165 658 1222 715 tria
1238 673 1245 712 i
1263 667 1369 726 primo,

139 736 219 818 ¹storl
238 737 309 794 Vere
324 680 570 818 in·ssnem·Xilexit
585 753 645 806 sos,
663 753 727 795 eum
779 737 817 798 ad
838 736 1011 794 tentationes
1034 750 1087 790 nos
1111 738 1370 810 praeparare,oup1

141 824 169 864 ur
188 811 267 864 tanta
285 822 391 878 agonia
409 815 529 880 positus,
545 808 594 864 illo
614 808 726 866 modico
780 808 908 866 dicitur:
929 809 1059 875 surpitet
1081 804 1216 871 secundo,
1235 815 1264 856 in
1279 798 1370 880 ‘bunis

140 883 269 951 tempore
294 877 420 951 quietern
446 895 547 938 eorum
572 880 724 952 procurati
781 879 916 950 operibus
939 879 1091 952 proficere,
1117 891 1181 932 eum
1206 869 1336 952 subditur
1360 883 1369 922 r

141 951 203 1008 Non
216 952 256 1006 sie
271 949 355 1007 bodie
371 950 452 1008 multi
487 957 595 1009 astures
608 951 725 1022 molunt,
780 955 898 1018 Remum
914 950 1010 1018 tertio,
1024 948 1103 1005 omni
1118 949 1190 1007 bora
1204 957 1285 1016 quesn
1299 947 1371 996 ten-

141 1023 190 1094 qui
205 1021 326 1078 subditis
341 967 523 1103 uigilantissus
540 1028 568 1080 et
579 1022 609 1080 in
623 1025 727 1095 agema
779 1023 918 1080 tationem
933 1021 1091 1094 proximam
1110 1021 1283 1090 exspectare,
1302 1025 1370 1068 cum

141 1092 253 1168 positis,
269 1093 414 1152 dormiunt
438 1093 563 1152 suaviter
588 1099 617 1152 et
641 1094 727 1168 quie·-
779 1085 1371 1165 additur:neronoproptnqoot,velprope

142 1169 233 1222 scunt.
254 1167 329 1246 ilum
348 1180 416 1238 ergo
441 1165 552 1224 uidebis
571 1166 727 1236 discipulos
780 1171 830 1236 est,
848 1169 897 1239 qui
908 1181 949 1221 me
964 1165 1065 1221 trado.

141 1237 726 1310 dormientesnutantopericulo,et[lomi-
820 1244 851 1306 ¹4
881 1239 1026 1298 ducturus
1063 1236 1138 1292 lune
1173 1249 1206 1288 er
1237 1241 1371 1284 noscaris

142 1308 398 1382 numnigilentem,
413 1308 436 1366 si
449 1309 568 1367 devotus
583 1326 624 1380 es,
638 1311 728 1374 multa
781 1327 904 1369 sumre.
923 1341 945 1350 -
960 1313 1005 1377 nt,
1018 1307 1109 1364 adbuc
1124 1305 1291 1376 obloquente
1305 1312 1372 1360 oum

142 1381 270 1438 inuenire
281 1380 387 1452 poteris
398 1397 461 1453 quae
472 1381 550 1439 diuus
561 1388 620 1439 tam
632 1381 727 1440 Domi·
783 1379 928 1454 discipulis
946 1379 1014 1449 suis,
1030 1393 1088 1434 ecce
1109 1375 1208 1441 Jndns,
1226 1374 1372 1454 merqator

141 1469 179 1509 no
196 1459 254 1524 tuo,
268 1467 353 1525 quem
367 1451 513 1525 discipulis
524 1455 593 1510 suis.
607 1453 729 1514 Videbat
781 1455 931 1528 pessimus,
948 1467 1019 1508 unua
1038 1451 1072 1506 de
1090 1449 1242 1510 duodecim,
1262 1443 1372 1524 scilicet

140 1524 256 1582 tandem
275 1523 389 1598 slonge
405 1523 583 1582 adversarios
597 1541 664 1582 suos
680 1541 728 1582 ve
783 1541 913 1592 numero,
930 1539 987 1580 non
1010 1521 1142 1602 meritos
1166 1517 1243 1590 quod
1263 1517 1372 1596 dictum

140 1595 251 1653 aientes
277 1611 343 1653 euna
369 1596 477 1656 facibus
501 1603 530 1653 et
553 1597 655 1666 armis,
676 1612 730 1652 nec
785 1603 828 1654 est
842 1598 878 1652 ad
894 1595 1102 1652 ostendendum
1119 1605 1244 1648 immane
1258 1585 1372 1642 lacinus

140 1673 235 1725 umen
259 1667 414 1738 discipulos
432 1667 573 1734 excitavit,
589 1667 645 1724 nisi
665 1683 730 1724 num
784 1668 872 1736 illius,
883 1667 931 1739 qui
942 1666 978 1723 de
988 1663 1145 1738 apostoliea
1154 1659 1291 1732 dignitate
1307 1671 1372 1739 pro-

139 1755 228 1812 prope
244 1747 273 1796 et
282 1741 360 1822 quasi
369 1741 446 1810 jurta
460 1756 510 1796 eos
520 1739 644 1796 luerunt.
653 1742 731 1796 Tunc
784 1740 860 1798 ditor
873 1739 966 1796 iuerat
975 1738 1066 1794 iactus
1076 1753 1083 1804 ;
1095 1738 1237 1816 acceptes
1246 1728 1372 1786 Presrde

141 1817 238 1868 autem
257 1809 396 1893 evigilans
411 1810 573 1888 discipulos,
585 1811 654 1868 dixit
665 1810 727 1868 eis:
785 1812 903 1868 cohorte
924 1809 1048 1866 militnm
1068 1805 1232 1872 Gentilium,
1247 1813 1372 1872 quorum

141 1883 263 1954 Sufficit,
280 1882 388 1940 scilicet
406 1884 550 1965 quiajam
571 1882 729 1955 quievistis,
785 1883 923 1941 intererat
944 1896 1046 1954 capere
1069 1877 1283 1956 malefactores,
1305 1885 1372 1928 cnm

142 1961 170 2010 et
184 1953 252 2011 satis
266 1953 458 2024 dormivistrsq
474 1970 543 2026 ergo
568 1971 669 2028 parum
690 1959 731 2012 est
785 1954 957 2026 tribunoqui
966 1955 1089 2027 praeerat
1100 1949 1150 2014 eis,
1167 1951 1260 2028 ren1t3
1271 1949 1297 2026 et
1309 1958 1372 2000 eum

142 2025 355 2098 dormiendum
380 2027 456 2086 unde
480 2027 597 2099 quidam
618 2029 728 2096 Patres,
786 2045 814 2085 eo
833 2027 916 2084 turbe
933 2027 1021 2086 multa
1038 2025 1203 2105 indecorum
1218 2019 1372 2100 ministro-

142 2114 199 2154 non
214 2098 269 2156 nisi
285 2098 387 2157 stando
399 2099 443 2156 vel
456 2099 582 2156 sedendo
597 2115 730 2156 somnum
785 2115 861 2168 rum,
876 2101 956 2154 missi
970 2100 998 2154 ct
1018 2099 1126 2167 accepti
1147 2109 1165 2148 o
1188 2087 1372 2164 pontificibus

142 2186 243 2254 capere
254 2171 732 2298 permodicumconsueverunt.Ter
785 2187 819 2228 ac
829 2170 1006 2244 principibus
1017 2166 1201 2250 secerdotum,
1217 2167 1243 2218 et
1254 2159 1370 2240 seniori·

142 2242 251 2316 discipu
264 2260 272 2298 ι
283 2243 439 2312 dormiunt,
455 2249 484 2300 et
491 2247 536 2300 ter
551 2244 688 2300 Dominus
699 2260 731 2300 ο-
787 2244 836 2298 bus
853 2243 952 2314 populi
966 2239 1075 2298 crudeli
1089 2242 1188 2308 utique
1206 2239 1234 2290 et
1249 2244 1371 2304 pessime

143 2329 210 2370 rans
223 2317 419 2371 sessuscltnti
434 2329 497 2386 quie
509 2314 586 2371 trina
597 2314 731 2371 dormitio
785 2315 921 2372 societate
935 2311 1100 2385 impiorum,
1115 2316 1263 2378 tamquam
1278 2301 1315 2360 nd
1331 2307 1370 2358 le·

147 2391 176 2442 et
185 2385 341 2454 suscitatio,
352 2390 411 2441 tres
421 2391 549 2442 mortuos
559 2403 630 2458 quos
639 2385 731 2442 Domi·
785 2379 1296 2444 nendumreum.1ttaauoedebateoe
1310 2373 1371 2430 uel·

146 2474 199 2515 nus
209 2455 354 2514 suscitavit
361 2455 513 2528 significat.
524 2460 557 2514 ut
565 2458 728 2530 subjunxit:
785 2461 825 2516 uti
843 2459 944 2516 ductor
958 2471 1067 2520 eorum,
1087 2455 1135 2526 qui
1147 2450 1281 2532 volabunt
1296 2461 1370 2504 oom-

147 2531 230 2588 Vem't
242 2530 320 2594 bore,
333 2531 592 2602 ettiliuslltominic
606 2531 731 2587 tradetur
804 2531 963 2588 rebendere
985 2531 1093 2586 lesum.
1116 2528 1150 2582 lit
1173 2522 1311 2598 praedicta
1325 2535 1371 2576 ce·

144 2603 174 2657 in
191 2617 289 2657 mouns
305 2605 490 2672 peccatorum.
507 2600 560 2658 Ubi
575 2603 729 2671 Oriqeneet
784 2548 853 2660 Eone
866 2606 942 2658 uenit
955 2602 1033 2675 illue,
1048 2615 1109 2655 eum
1126 2599 1241 2654 laterata
1254 2599 1280 2650 et
1295 2593 1370 2674 taei-

147 2693 162 2724 u
177 2673 233 2730 Sed
247 2677 276 2728 et
288 2687 363 2728 nunc
377 2673 460 2728 lesus
472 2671 503 2728 in
519 2689 621 2751 manus
636 2689 731 2746 pecce-
785 2676 845 2745 bue,
855 2681 886 2731 ut
897 2673 921 2731 si
936 2673 966 2730 in
981 2669 1106 2729 tenebris
1120 2671 1211 2727 lutere
1222 2665 1316 2729 vellet,
1328 2664 1371 2748 bie

145 2749 238 2800 torum
251 2743 383 2814 traditur,
399 2744 513 2816 quando
529 2745 558 2801 hi
573 2744 621 2818 qni
637 2745 730 2803 viden·
784 2753 978 2820 quaereretur3
1006 2758 1133 2813 necnon,
1162 2757 1223 2798 eum
1247 2737 1369 2807 qlediae,

145 2817 342 2873 turinianum
357 2816 484 2886 credere,
497 2817 606 2874 habent
618 2833 683 2876 eum
699 2817 730 2875 in
782 2819 906 2888 flectibus
921 2818 1057 2878 sturmis,
1073 2819 1106 2872 ut
1123 2811 1285 2886 captionem
1307 2809 1370 2879 ejus

144 2887 275 2946 menibus
295 2887 364 2956 suis,
383 2903 446 2945 cum
468 2887 524 2946 sint
548 2895 727 2960 peccatoresp
784 2889 922 2964 impedire
938 2887 1098 2945 volentibus
1117 2886 1162 2942 bis
1180 2883 1369 2940 resisteretur.

144 2961 194 3016 scd
213 2963 242 3015 et
257 2959 492 3032 quotiescumque
508 2961 600 3032 justus
619 2962 730 3018 babens
785 2963 944 3020 Secundum
952 2951 1370 3028 Hieronymumdncumbitrir·

144 3030 172 3087 in
187 3047 217 3088 ss
228 3032 375 3097 tssumin
391 3036 531 3104 potestate
542 3033 633 3090 tactus
644 3033 730 3090 luerit
783 3037 836 3090 tuti
850 3031 949 3102 seculi,
965 3031 1013 3104 qul
1029 3031 1163 3102 desperat
1177 3027 1213 3084 de
1226 3023 1369 3110 adjutorio

143 3105 425 3176 peecatorum,.lesus
436 3111 479 3162 est
492 3104 615 3163 traditus
627 3104 656 3162 ln
672 3121 731 3163 ma·
783 3107 844 3163 Del.
864 3105 993 3162 ilabebat
1009 3105 1104 3174 itaque
1118 3100 1205 3162 ludus
1220 3097 1369 3154 fulcimen·

144 3191 197 3232 nus
223 3182 405 3262 peccatorum
429 3193 437 3233 t
463 3195 477 3230 u
501 3177 563 3234 hmo
586 3177 726 3248 Oriqeaes.
783 3181 844 3236 tum
859 3177 895 3233 ab
910 3181 1029 3248 utraque
1048 3173 1138 3242 curia,
1155 3172 1263 3229 scilicet
1277 3171 1370 3250 impe·

144 3247 244 3306 Subdrt
260 3265 327 3306 vero
344 3265 351 3304 e
368 3250 490 3318 surpite,
504 3265 608 3320 eumue,
622 3249 729 3307 scilicet
783 3249 884 3306 ratoris
893 3246 1014 3304 domeni
1023 3251 1052 3303 et
1060 3242 1306 3325 Pontitlcis,quasr
1314 3253 1371 3296 ser·

144 3319 256 3376 obviant
273 3320 354 3377 Jndae
369 3319 519 3393 proditori,
533 3326 561 3377 et
576 3323 634 3378 suis
652 3337 729 3378 com·
783 3317 1268 3394 vetoordinelagitimoepotestatre,
1284 3316 1371 3368 utne·

142 3390 729 3535 illd*lldtltttdlltl‘dtll:
783 3385 1370 3520 lltbtlllllllltll⁰llllttl¹l

237 3505 244 3532 s
583 3505 590 3532 s
1134 3503 1142 3530 e
1320 3527 1326 3538 ,

143 3534 729 3679 llttltltltltltlttltslll
779 3531 1371 3681 iltlltllldilllfllldilliti}

142 3683 252 3736 mentes
272 3681 301 3735 et
319 3678 512 3748 retrahentem
533 3677 608 3736 ultro
630 3693 729 3736 eamus
782 3679 838 3751 vel,
855 3681 939 3735 etiarn
954 3678 978 3734 sl
992 3679 1056 3760 quis
1069 3675 1198 3744 auderet,
1214 3679 1314 3734 contre
1329 3676 1370 3730 tot

141 3748 182 3806 eis
195 3751 319 3820 obviam,
331 3753 358 3807 et
374 3765 526 3823 pergarnus
539 3751 576 3808 ad
591 3755 727 3822 mortem3
783 3767 839 3808 non
856 3755 951 3822 posset
966 3767 973 3806 ι
989 3749 1130 3806 timebant
1149 3747 1227 3805 enlm
1245 3746 1369 3820 plebem,

139 3826 170 3906 ut
191 3821 302 3894 passuri
321 3821 523 3904 confidentiam
540 3827 568 3880 st
591 3823 728 3896 gaudium
783 3839 819 3880 ne
829 3837 885 3950 per
900 3819 1368 3901 bancdeienderelurcontraeos3

137 3893 262 3958 rideant,
274 3898 303 3951 et
317 3896 485 3952 Passionem
499 3895 616 3952 omnino
628 3897 727 3952 volun·
782 3899 810 3952 et
841 3895 895 3951 deo
914 3891 1001 3951 etiem
1017 3897 1099 3950 nocte
1114 3891 1247 3961 traditur,
1263 3895 1294 3948 ut
1309 3903 1369 3946 sine

137 3966 241 4030 teriam
256 3965 356 4022 sciant.
372 3965 450 4022 Ultro
465 3981 517 4022 nos
531 3966 667 4024 debemus
681 3966 724 4024 ol·
781 3964 886 4036 turbis,
916 3981 961 4022 uae
974 3965 1003 4022 ln
1018 3965 1064 4023 die
1077 3965 1241 4038 frequenter
1254 3969 1370 4036 propter

138 4035 226 4110 ierre,
244 4038 358 4109 quando
383 4053 440 4094 non
464 4037 580 4120 expedit
604 4043 726 4096 mortem
782 3981 1000 4095 instructionem
1023 4037 1158 4106 ederant,
1180 4034 1367 4092 inveniretur.

138 4109 280 4181 elingere;
297 4108 344 4166 ubi
358 4109 520 4166 ostenditur
531 4108 636 4166 Christi
651 4109 725 4166 desi·
781 4111 941 4182 Antequam
957 4117 1052 4167 sutem
1066 4109 1165 4178 ludas,
1181 4111 1232 4182 qut
1250 4109 1370 4164 tradidit

138 4181 249 4238 derium
272 4181 309 4238 ad
332 4186 460 4238 nostrsnr
486 4181 725 4254 redemptionem,
782 4197 853 4252 eum,
867 4197 932 4238 cum
948 4181 1033 4239 turba
1055 4183 1166 4238 veniret
1185 4179 1221 4236 ed
1243 4181 1368 4248 bortum,

138 4252 278 4326 quianon
292 4251 573 4324 solumproditorern
588 4269 652 4310 cum
667 4257 724 4309 tur·
781 4251 831 4310 ubl
850 4256 933 4311 lesus
953 4269 1016 4310 curn
1038 4250 1183 4324 discipulis
1202 4257 1274 4322 eret,
1292 4253 1370 4308 dedit

137 4325 175 4381 ba
189 4329 351 4383 venientem
372 4324 542 4397 exspectavit
567 4325 617 4382 sed
637 4323 724 4382 etiem
781 4325 1229 4399 antiquumdieenezouemcum
1289 4339 1367 4380 oseu-

137 4397 179 4453 eis
197 4397 337 4468 occurri13
354 4395 402 4456 ubi
425 4396 513 4456 etiam
535 4368 629 4472 docet,
646 4401 678 4457 ut
699 4397 723 4454 sl
780 4398 856 4456 lotus
867 4400 959 4468 nuere,
973 4395 1214 4470 tpeeeat,scilicet
1251 4394 1366 4465 hristus,
