3124 5038
255 451 297 506 DE
323 451 497 506 GONGDDSD
523 451 645 506 DlSle.
673 452 711 504 tt
738 449 915 506 munitatu
942 449 986 504 AD
1012 450 1246 506 SEPULGHRUH.
1318 443 1362 498 187

131 569 200 612 men
215 554 265 614 ille
279 571 335 614 non
351 555 408 614 nisi
425 555 456 616 in
474 558 531 616 ista
544 555 716 616 inveniatur.
775 561 818 617 est
832 557 913 617 robis
931 559 987 618 hoc
1024 556 1140 616 audium
1163 559 1273 616 occulto
1293 573 1359 615 coi·-

132 627 215 684 Unde
229 629 457 700 chrysostomus:
471 648 485 684 ii
502 629 580 688 nulii
595 629 719 686 libenter
774 631 818 687 dis
840 637 950 696 tonare,
970 575 1024 688 seg
1044 629 1175 688 similiter
1192 630 1356 688 amantibus

134 703 536 774 quaeruntpurpuratum,sed
547 700 717 774 paucique·
772 704 910 775 pandere.
926 705 988 760 Non
1003 702 1072 760 dicit
1084 703 1261 760 amatoribus
1276 717 1357 758 mun·

132 775 203 828 runt
216 788 284 829 eum
297 773 461 831 crucifixum
470 774 513 830 iel
523 773 716 846 flagellatum
773 775 812 845 di,
830 776 879 831 seii
896 774 1043 849 discipulis
1059 773 1173 833 Christi.
1193 775 1355 832 Secundum

133 843 523 916 sedentequaminieniatur
551 849 716 918 urpuratiis,
773 847 934 916 arepertum
949 863 1027 918 vero,
1044 863 1103 904 non
1123 849 1188 903 sunt
1210 843 1352 918 discipuli,

135 913 231 985 primo
246 915 337 998 quaeri
351 863 636 990 debeiuageifatus.»
646 918 717 973 lilar-
772 921 820 990 qui
835 934 900 975 cuin
914 936 948 976 eo
961 919 1070 976 Pascha
1083 933 1141 975 non
1152 916 1278 986 laciuni;
1295 931 1353 974 non

135 1001 186 1043 ciis
200 987 281 1044 addit
293 1000 305 1044 ·:
321 991 506 1060 Nazarenum,
522 994 551 1046 ct
567 989 608 1046 sic
624 986 717 1061 tangit
772 995 836 1047 sunt
865 990 1006 1063 discipuli,
1025 990 1074 1064 qni
1098 993 1176 1046 retro
1200 987 1353 1062 aspiciunt,

136 1072 242 1115 nomen
264 1075 297 1116 ac
316 1059 450 1131 patriam,
467 1065 495 1118 et
510 1059 715 1118 conditionem.
772 1077 845 1134 quos
861 1061 1012 1120 curiositas
1032 1061 1099 1119 iitae
1118 1059 1236 1132 detinet,
1257 1059 1353 1116 illece-

138 1130 175 1184 itt
187 1129 281 1187 subdit
295 1131 419 1204 Angelus
434 1149 441 1188 :
457 1135 518 1193 Non
533 1139 573 1189 est
593 1135 646 1202 ito,
662 1131 717 1189 sci·
772 1134 824 1191 bra
846 1134 931 1206 capit,
947 1139 976 1191 et
999 1133 1090 1207 spinae
1107 1133 1260 1190 retrahunt
1274 1145 1355 1190 scan-

136 1199 203 1282 licet
216 1217 269 1274 per
281 1203 465 1284 praesentiam
486 1205 581 1262 carnis
606 1208 635 1261 et
654 1219 717 1264 cor·
772 1204 912 1262 dalorum.
928 1205 969 1264 Ilii
986 1222 1051 1262 euin
1075 1203 1219 1273 videbitis,
1232 1203 1263 1260 in
1285 1219 1354 1276 pro·

135 1287 227 1354 poris,
241 1289 289 1346 qui
312 1289 451 1346 nusquam
473 1275 553 1333 deest
571 1291 623 1349 pcr
638 1293 719 1353 prae-
772 1279 880 1350 pinque
902 1277 1031 1351 regione,
1048 1281 1077 1334 et
1096 1275 1257 1350 propinquo
1279 1277 1354 1332 tcm-

134 1347 262 1404 sentiam
276 1345 432 1403 divinitatis
439 1353 467 1404 et
477 1347 648 1420 majestatis;
659 1365 719 1408 aar
772 1363 852 1422 pore.
870 1351 902 1405 ln
915 1349 1060 1406 Galilaeam
1076 1365 1143 1405 vero
1157 1345 1313 1428 praecessit=
1323 1347 1356 1403 ut

131 1419 213 1472 reati
228 1418 299 1472 caim
310 1432 360 1487 per
368 1418 587 1490 humanitatem,
600 1423 647 1493 qui
659 1419 719 1479 nul·
774 1420 823 1478 ubi
843 1420 897 1476 luit
921 1419 1035 1478 initium
1057 1418 1218 1492 splendoris
1242 1425 1353 1490 gratias,

134 1487 205 1569 lum·
220 1503 317 1546 casum
330 1489 437 1560 patitur
459 1491 489 1547 in
508 1490 667 1552 divinitate.
686 1493 720 1548 Et
775 1490 814 1548 ihi
829 1497 903 1548 esset
916 1491 1031 1549 initium
1057 1489 1217 1562 splendoris
1236 1488 1353 1615 ἧξονίῳς

135 1559 220 1616 addit
234 1575 242 1614 t
257 1561 335 1617 Siout
352 1561 439 1628 dicit,
458 1567 490 1619 ut
510 1563 659 1624 reduceret
682 1563 718 1619 ad
774 1563 863 1620 voluit
881 1562 967 1621 etiam
988 1561 1125 1620 Dominus
1148 1560 1244 1634 speria
1256 1564 1310 1616 iter
1325 1574 1356 1615 in

137 1629 309 1687 memoriam
326 1633 413 1690 rerba
430 1634 535 1692 Christi
553 1635 629 1693 dicta
653 1640 719 1694 anto
775 1635 892 1693 Galilaea
915 1651 1063 1708 apparere,
1079 1639 1111 1691 ut
1126 1632 1233 1690 veritas
1248 1633 1355 1688 Resur-
1404 1661 1407 1668 ·

137 1702 307 1758 Passionem
328 1717 419 1772 suam,
436 1712 467 1762 ut
490 1707 530 1763 sic
546 1707 637 1779 magis
656 1723 719 1764 ore-

137 1773 508 1856 derenttlesurreotionem
525 1779 588 1850 ojus
602 1781 662 1852 jani
677 1779 719 1836 ie-

136 1847 418 1928 ctam,·impossibile
433 1848 509 1906 enim
524 1853 568 1906 est
585 1867 642 1908 non
656 1849 720 1907 lieri

137 1917 218 2000 quod
232 1932 294 1988 ipse
309 1916 387 1974 dixit.
409 1920 495 1990 Quasi
510 1921 619 1980 diceret
635 1941 642 1979 :
661 1920 720 1979 Etsi

138 1990 212 2046 milii
234 2004 300 2070 ¹¹9⁰.
314 1991 439 2062 creditis,
458 1999 631 2050 mementote
651 2010 722 2050 ror-

138 2061 242 2118 borum
255 2059 348 2141 illius.
365 2063 472 2121 Deinde
486 2065 611 2122 ostendit
622 2065 664 2123 eis
677 2065 720 2122 lo·

138 2147 217 2201 oum,
234 2131 331 2188 dicens
346 2149 353 2187 ε
369 2138 466 2194 Venite
479 2141 505 2193 et
517 2139 609 2194 uidete
623 2139 720 2206 locum,

138 2204 251 2262 scilicet
264 2218 396 2275 iacuuin,
410 2208 459 2264 ubi
474 2213 584 2280 positus
599 2215 659 2266 eret
672 2213 724 2266 Do·

139 2278 245 2338 minus,
261 2275 316 2330 hoc
335 2285 390 2348 est,
406 2295 511 2352 corpus
530 2281 721 2338 Dominioum.

140 2349 223 2430 Uride
236 2347 461 2428 chrysostomus:
479 2370 493 2405 ii
509 2353 616 2426 Corpus
630 2351 724 2410 Domi-

141 2435 183 2485 m,
208 2421 344 2480 Dominus
363 2421 479 2493 dicitur,
503 2423 594 2481 deitas
617 2423 723 2481 etenim

142 2504 302 2562 numquam
326 2499 457 2566 separata
485 2495 539 2551 luit
563 2511 580 2552 a
604 2511 723 2568 corpore

142 2562 231 2620 etiam
244 2569 369 2622 moi-tuo.
381 2585 396 2617 »
409 2569 447 2623 Ac
462 2566 486 2622 si
499 2567 575 2624 dicat
584 2568 721 2639 Angelus:

141 2634 236 2716 Vultis
254 2637 407 2694 certificari
429 2638 465 2695 de
486 2638 590 2697 Christi
611 2641 723 2696 Resur-

141 2711 269 2764 rectione
286 2731 292 2766 ε
313 2711 390 2776 ΕεοθΙ
405 2709 482 2766 locus
499 2710 547 2767 ubi
568 2715 725 2782 posuerunt

141 2793 220 2834 euin.
238 2779 267 2836 Si
277 2779 372 2838 rerliis
387 2781 459 2837 meis
471 2797 530 2838 non
548 2782 724 2852 creditis,iii-

142 2849 187 2906 sui
205 2855 330 2910 etiacuo
344 2853 494 2924 sepulchro
509 2854 642 2910 credatis.
656 2855 723 2910 Pro·

142 2927 207 2994 pter
216 2923 271 2981 hoc
286 2923 361 2980 enini
373 2931 401 2980 et
415 2924 538 2996 lapidem
552 2925 722 2994 revolverat,

144 3001 176 3049 ut
196 2993 291 3052 locuni
307 2995 481 3053 ostenderet.
499 2997 578 3053 Unde
592 3013 656 3054 ciiiii
672 3013 724 3069 per

142 3065 721 3126 universummundumfidelibusdicatur:

142 3139 723 3212 SuireuitDoiiiiiiusdeseputctiro,qutpro

141 3211 222 3266 nobis
236 3211 370 3282 pependit
381 3213 412 3266 iii
425 3213 511 3280 tipiio,
526 3212 579 3268 soli
594 3211 723 3268 canonici

143 3282 279 3339 Ecclesia
304 3282 530 3339 Resurrectionis
557 3283 722 3352 Dominicae,

143 3353 262 3424 speciali
276 3353 402 3425 gaudent
414 3353 615 3426 prerogativa,
630 3355 724 3411 dicen-

142 3429 198 3494 tes,
216 3431 246 3482 et
262 3426 298 3484 ad
315 3424 430 3482 oculum
449 3426 722 3484 demonstrationem

143 3495 648 3575 iacientes:SumeoitDomi'iiusdes
683 3501 724 3554 iii·

143 3569 219 3624 otiro.
236 3567 372 3626 Similiter
385 3571 412 3626 in
425 3569 578 3641 Evangelio
593 3571 663 3627 Pasa
686 3569 724 3626 ali

143 3655 210 3711 curn
229 3639 333 3696 dicitur
353 3658 360 3696 :
381 3643 521 3706 scireest,
538 3657 593 3696 nou
612 3647 652 3698 est
669 3643 723 3710 tito,

144 3712 281 3770 diaconus
290 3710 338 3783 qui
348 3711 417 3784 legit
427 3711 623 3783 Evangelium,
635 3712 723 3784 digito

143 3783 324 3840 demonstrat
339 3783 517 3841 Dominicam
537 3783 722 3855 sepulturam.

179 3878 196 3929 9
207 3857 264 3913 Curi
275 3873 309 3912 nr
323 3873 452 3919 ocouooo
464 3872 620 3912 nisciruaos
632 3873 660 3912 iri
671 3857 723 3912 Gi-

143 3943 250 3983 muniri
272 3945 453 3984 nomomensis
472 3927 617 3985 Doiiiiius‘l
640 3931 725 3983 -Et

143 4000 351 4070 subjungitur:
368 4001 423 4057 Sed
435 4003 474 4056 i'te
483 4001 665 4068 festinanter,
680 4001 724 4054 di-

142 4073 196 4127 cite
222 4071 369 4142 discipulis
395 4073 454 4141 ejus
482 4070 681 4140 communiter,
700 4076 726 4127 et

141 4145 222 4199 Petro
249 4141 421 4214 specialiter,
446 4147 515 4214 quio
541 4145 675 4212 surremit,
700 4148 725 4200 et

140 4229 199 4270 ecce
211 4213 342 4284 presedit
352 4231 399 4270 vos
411 4215 725 4278 indeterminatum

140 4287 285 4358 uidebitis,
300 4288 372 4342 sicut
386 4287 462 4342 dicit
476 4287 553 4343 cobis
567 4291 635 4344 ante
655 4287 724 4343 Pas-

142 4357 264 4427 sionem,
284 4363 313 4414 et
335 4356 401 4414 ideo
422 4357 574 4430 sequimini
589 4373 655 4415 euin
670 4357 724 4415 ibi·

143 4429 219 4486 dem.
236 4428 322 4498 Quasi
335 4428 445 4488 diceret
458 4447 464 4488 :
479 4433 541 4488 Non
556 4445 725 4488 conoessum

775 1705 910 1762 rectionis
925 1708 1106 1780 probaretur,
1121 1703 1189 1777 quia
1207 1704 1247 1760 ibi
1269 1703 1355 1776 plura

777 1777 913 1835 miracula
922 1783 964 1836 est
973 1783 1117 1852 operatus,
1128 1774 1283 1850 etamplius
1291 1790 1357 1857 con·

776 1855 915 1920 versatus,
940 1855 968 1907 et
992 1851 1056 1907 ideo
1085 1849 1187 1905 melius
1215 1853 1356 1918 cognitus.

777 1921 1018 1994 Mulieribusergo
1033 1921 1138 1978 dicitur
1150 1921 1185 1976 ab
1195 1919 1316 1990 angelo,
1328 1920 1359 1973 ut

777 1995 910 2050 nuntient
934 1993 1076 2064 apostolis
1093 1992 1181 2048 vitani
1198 2005 1358 2062 resurgen-

778 2070 846 2134 tem,
867 2063 944 2136 quia,
961 2065 1100 2122 suadente
1128 2062 1255 2131 diabolo,
1283 2075 1359 2117 mors

778 2135 910 2194 nuntiata
921 2137 972 2193 luit
985 2137 1052 2192 Adae
1067 2151 1118 2207 per
1127 2133 1286 2190 mulierem.
1302 2133 1359 2188 Unu

778 2209 814 2265 de
828 2211 901 2264 sicut
915 2207 967 2265 luit
980 2221 1148 2281 progressus
1157 2205 1188 2261 in
1200 2205 1361 2278 primaten·

778 2278 886 2336 tatione
911 2279 1011 2336 mortis
1033 2295 1050 2336 a
1076 2276 1189 2335 diabolo
1208 2279 1237 2332 in
1252 2275 1361 2358 mulie-

779 2367 851 2422 rem,
867 2355 896 2408 et
914 2367 930 2407 a
952 2350 1072 2408 muliere
1096 2352 1124 2406 in
1147 2347 1257 2417 virum3
1276 2346 1316 2403 sic
1330 2361 1360 2402 in

779 2423 872 2496 prima
882 2422 1101 2480 annuntiatione
1111 2419 1282 2490 iitae,fleret
1293 2433 1360 2491 pro·

779 2511 917 2567 gressus:
934 2497 969 2552 ab
984 2494 1093 2568 angelo
1112 2493 1142 2550 iii
1157 2491 1317 2559 mulierem,
1333 2493 1362 2546 et

779 2583 797 2624 a
823 2567 945 2624 muliere
967 2566 997 2623 iii
1022 2565 1108 2622 viros.
1128 2563 1236 2622 Dicitur
1265 2569 1362 2620 autem

779 2639 963 2712 specialiter:
980 2642 1016 2696 Et
1035 2641 1115 2695 Petro
1131 2657 1139 2693 :
1162 2643 1223 2693 tuin
1244 2639 1361 2708 propter

779 2711 1019 2783 principalitatem
1034 2712 1109 2767 inter
1123 2707 1291 2780 discipulos,
1300 2711 1361 2762 tum

781 2798 816 2839 iie
826 2783 1034 2854 desperaretde
1046 2779 1360 2849 reconciliatione,pro·

780 2859 843 2926 pter
865 2853 1091 2924 magnitudinem
1113 2850 1221 2922 peccati
1246 2853 1361 2920 aposta·

780 2927 840 2992 siae,
856 2929 916 2980 tuin
934 2941 969 2980 ne
991 2925 1027 2979 ad
1046 2921 1229 2996 praesentiam
1247 2918 1360 2975 Domini

779 3011 865 3069 quem
880 2999 1044 3077 negauerat,
1059 2999 1087 3051 et
1101 2993 1137 3050 ad
1148 2991 1301 3074 discipulos
1316 3005 1361 3047 ve·

779 3068 842 3125 nire
854 3067 1021 3139 trepidaret.
1038 3067 1120 3134 Quia,
1129 3071 1161 3122 ut
1173 3069 1214 3121 ait
1227 3066 1362 3145 Hierony·

778 3157 850 3210 mus,
864 3155 895 3195 se
909 3138 1058 3210 indignum
1071 3137 1219 3208 iudicabat
1237 3133 1360 3205 discipu·

779 3211 849 3278 latu,
878 3211 946 3267 duin
974 3215 1018 3265 tor
1042 3210 1157 3280 negavit
1181 3206 1358 3278 Magistrum.

780 3283 859 3340 Unde
874 3287 902 3339 et
918 3283 1087 3348 Greoortus:
1109 3301 1119 3332 ι
1136 3277 1164 3336 Si
1179 3279 1255 3334 liunc
1270 3279 1360 3359 Ange3

780 3355 824 3412 lus
842 3353 1012 3412 nominatim
1035 3368 1094 3408 non
1113 3350 1296 3431 exprimeret,
1312 3363 1360 3420 qui

780 3425 946 3498 Magistrum
978 3429 1144 3497 negaverat,
1158 3421 1257 3480 venire
1285 3427 1360 3476 inter

779 3497 935 3571 discipulos
957 3513 1015 3554 non
1036 3496 1165 3553 auderet.
1182 3495 1309 3576 Vocatur
1327 3507 1361 3548 eii

779 3569 944 3640 nominans
952 3569 1119 3641 desperaret
1131 3583 1164 3624 eii
1173 3571 1335 3636 negatione.
1345 3583 1359 3614 a

779 3643 870 3711 Unde,
896 3641 1052 3712 secundum
1073 3643 1279 3708 Hieronymum,
1295 3650 1361 3708 pec-

780 3719 842 3770 cata
856 3712 1003 3786 praeterita
1025 3728 1084 3768 iion
1109 3713 1224 3778 nocent,
1245 3708 1361 3780 quando

780 3801 838 3842 non
863 3786 987 3857 placent.
1008 3783 1162 3840 Videamus
1186 3785 1293 3848 autern,
1318 3795 1363 3836 se·

779 3857 902 3914 cundum
916 3857 1114 3926 augustinum,
1127 3869 1179 3910 cur
1193 3853 1229 3910 ab
1243 3851 1363 3925 Angelo,

780 3936 839 3986 eta
859 3928 978 3985 Domino
994 3927 1101 3983 dictum
1121 3931 1174 3996 est,
1190 3924 1267 3997 quod
1292 3939 1363 3993 prae-

781 4000 863 4056 cedet
877 4015 927 4056 eos
943 3998 974 4054 in
998 3998 1158 4068 Deliacam,
1174 4013 1238 4053 cuin
1259 3997 1312 4052 hoc
1330 3995 1368 4050 sit

780 4076 846 4145 post
859 4071 949 4128 multa
963 4072 1151 4144 completum,
1167 4074 1195 4126 et
1209 4077 1307 4124 tamen
1323 4065 1365 4121 sic

782 4144 959 4212 mandatum,
979 4148 1012 4200 ut
1034 4147 1084 4200 aut
1107 4144 1160 4198 lioe
1187 4141 1293 4220 solum²
1314 4139 1367 4192 aut

781 4217 836 4272 hoc
851 4215 974 4286 primum
994 4219 1206 4288 exspectaretur
1232 4211 1295 4267 lieri
1316 4207 1365 4262 de-

783 4287 889 4344 buisse.
903 4288 938 4344 Et
957 4286 1086 4356 solvitur,
1107 4283 1262 4342 secundum
1280 4292 1367 4337 euni-

783 4359 849 4442 dem
861 4357 1151 4442 augustinumquod
1170 4356 1225 4436 hoe
1238 4349 1368 4436 proplie-

783 4437 838 4487 tiee
851 4437 881 4488 et
893 4431 1082 4503 significative
1097 4433 1141 4486 est
1155 4423 1367 4497 accipiendum.
