2974 5040
159 449 206 505 tat

159 575 234 630 rum,
253 563 283 616 et
301 557 325 618 si
348 557 517 642 Insanabilia
534 556 610 630 passi
633 575 743 628 snmus,
768 561 771 655 1

160 631 287 690 ridentes
306 649 356 690 eos
375 633 496 690 interlin
518 632 684 702 flectimur,
715 631 744 688 hi

158 721 225 762 vero
241 721 334 778 neque
353 703 381 761 ln
401 703 445 762 bis
471 720 534 776 qnae
551 703 684 761 videbant
698 704 745 760 la·
769 666 772 813 I

159 779 196 834 cti
215 783 281 835 sunt
293 776 443 846 mansueti,
459 777 510 834 sed
520 775 675 833 seviebant
689 791 746 833 ma·
770 818 772 831 .

159 849 244 922 gisel
259 848 399 906 insanIam
418 849 604 906 intendebant
619 855 647 904 et
663 865 745 921 spon·
770 874 772 901 ι

159 921 234 992 giam
260 921 412 978 allerentes
437 929 517 978 aceto
545 922 701 994 potabant:
730 941 744 969 n

159 993 220 1050 haeo
241 993 457 1062 chrysostomus.
480 993 568 1064 Unde,
590 993 746 1050 secundum

159 1067 324 1132 hominium,
340 1063 393 1136 ipsi
407 1065 497 1122 ,ludaei
518 1069 599 1122 rranl
622 1071 745 1132 acetum,

159 1136 367 1207 degenerantes
386 1153 404 1194 a
432 1139 496 1194 vino
517 1137 746 1194 Patriarcharnm

159 1213 187 1264 et
204 1209 410 1280 Prophetarum
427 1208 455 1264 ln
468 1218 591 1279 acetum,
612 1209 641 1264 id
660 1217 703 1266 est
718 1211 745 1264 in

161 1278 297 1336 melibarn
317 1285 346 1336 et
374 1280 582 1353 crudelitatem,
610 1283 746 1338 habentes

161 1351 344 1409 fraudulenta
361 1353 460 1422 corda,
488 1369 568 1426 qnasi
597 1353 746 1482 spongiam

159 1437 321 1480 cavernosus
340 1430 424 1496 atque
449 1425 585 1482 tortuosis
622 1423 745 1482 atinulis.

160 1493 202 1552 Ob
218 1495 271 1551 hoc
288 1494 434 1568 signanter
454 1497 489 1554 lel
514 1513 578 1554 curn
598 1503 679 1554 aceto
694 1496 747 1552 sibi

160 1574 356 1649 porrexerunt.
376 1575 405 1626 ul
421 1571 448 1625 in
468 1569 601 1626 omnibns
616 1568 747 1625 sensibus

160 1654 252 1711 ipsum
276 1640 464 1697 ariraritndine
495 1642 659 1712 replerent:
685 1642 746 1712 jam

160 1725 238 1766 emm
260 1713 367 1768 relatus
394 1712 487 1767 luerat
515 1712 613 1778 oculis,
646 1718 747 1768 contra

161 1779 231 1852 ilgni
252 1782 328 1838 vetiti
347 1798 494 1852 procacem
511 1781 661 1852 visionem,
686 1785 747 1854 jam

161 1852 290 1909 maxillas
298 1855 359 1926 ejus
372 1853 476 1925 pugnis
486 1853 665 1924 attriverant,
678 1871 746 1910 con-

164 1927 208 1980 lra
230 1927 305 1994 pomi
330 1927 408 1982 vetiti
430 1926 665 1994 masticationem,
688 1929 746 1996 jam

161 1995 263 2054 collum
280 1997 341 2070 ejus
353 1997 443 2071 alapis
451 1998 631 2070 caeciderant,
646 2006 748 2056 contra

162 2068 216 2126 cibi
231 2068 309 2126 vetiti
324 2071 540 2142 trajecti0nem;
556 2071 646 2128 solum
661 2077 748 2128 resta-

163 2141 212 2199 bat
230 2159 262 2200 os
281 2149 309 2200 el
323 2159 407 2202 nares
424 2145 607 2217 ailigere,‘et
622 2143 685 2201 ideo
701 2159 748 2200 na-

162 2230 209 2270 res
221 2215 323 2272 Christi
332 2217 499 2290 alllrgebant
509 2225 567 2274 tarn
577 2218 747 2274 cadaverum

163 2286 274 2354 loetore,
291 2305 378 2360 qnam
397 2292 469 2345 aceti
500 2290 598 2356 odore,
625 2305 656 2345 os
680 2305 747 2344 vero

164 2357 341 2429 aldigrbant,
364 2361 438 2417 lellis
459 2359 659 2418 amaritndInc.
686 2362 747 2432 Ipse

164 2445 231 2484 vero
248 2436 360 2487 ecclam
377 2433 491 2502 quidem
509 2429 627 2501 accepit,
644 2448 700 2487 non
719 2437 749 2488 nt

162 2498 288 2569 biberet;
305 2502 355 2558 sed
370 2500 505 2583 gustarit,
521 2509 550 2557 ut
561 2501 747 2572 Scriptorum,

162 2587 212 2628 sen
228 2572 302 2641 quod
325 2579 461 2644 scriptum
479 2577 551 2639 erat,
567 2572 745 2644 adimpleret.

163 2643 196 2698 Et
215 2639 283 2712 qnia
302 2643 359 2708 Eli,
384 2644 430 2698 Etr·
447 2644 629 2710 clamaverat,
649 2643 748 2713 ceteri,

162 2718 260 2786 polum
284 2713 310 2770 ei
328 2713 440 2783 dantes,
455 2715 602 2772 dicebant:
623 2716 698 2785 Sine,
719 2716 747 2773 id

162 2789 203 2842 est
218 2791 360 2858 exspecta,
375 2786 529 2856 uideamus,
559 2803 610 2859 per
634 2787 749 2860 experi-

164 2860 302 2928 mentum,
312 2875 348 2914 on
358 2860 450 2915 teniat
460 2860 536 2915 Elius
547 2861 667 2916 liberans
677 2877 747 2917 eum.

162 2927 233 2996 Qnra
247 2945 314 2987 vero
335 2947 431 2988 rocem
444 2930 555 2988 Domini
570 2934 642 2989 male
659 2931 749 2989 intel-

162 3001 314 3058 leserunt:
336 3019 393 3060 tion
417 3003 492 3059 enim
521 3003 598 3072 Eliae,
615 3009 663 3062 sed
692 3007 748 3061 Deo

161 3073 344 3144 loquebatur,
358 3074 422 3133 ideo
439 3075 544 3132 lruslra
570 3083 599 3132 et
624 3075 748 3133 lneniter

161 3143 314 3203 adrentum
344 3147 410 3204 [tlte
440 3149 651 3220 exspectabant.
679 3151 748 3206 Ecce

162 3216 253 3288 qualis
268 3233 351 3276 coena
362 3219 484 3277 dabatur
497 3221 615 3278 Domino
631 3227 747 3288 nostro;

161 3289 232 3347 hora
250 3299 345 3350 antem
367 3294 427 3366 jam
455 3293 597 3361 coenandi,
623 3295 671 3350 sed
690 3309 748 3365 prae

162 3360 258 3420 labore
276 3371 304 3421 et
324 3364 423 3422 dolore
439 3382 495 3422 non
513 3371 582 3434 petit
604 3365 680 3422 alind
696 3381 747 3436 pro

161 3449 242 3490 coena
256 3435 309 3491 nisi
324 3444 435 3507 potum,
457 3442 485 3492 et
504 3436 554 3491 111ιί
569 3435 676 3492 diaboli
692 3435 748 3492 dr-

162 3504 265 3561 derunt
279 3521 305 3561 er
326 3521 378 3576 pro
398 3505 460 3562 cibo
484 3506 531 3574 lel,
552 3513 580 3563 et
611 3523 660 3576 pro
681 3511 747 3576 polu

161 3575 321 3632 acetumo
345 3592 397 3632 nos
417 3575 537 3633 miserit
564 3577 635 3645 Quid
658 3576 749 3634 lacie-

162 3661 234 3714 mus,
250 3649 298 3718 qni
312 3645 396 3704 elIter
409 3663 532 3715 coenare,
554 3654 583 3704 ct
596 3647 681 3706 alitor
692 3665 748 3722 po-

162 3721 222 3773 tare
237 3717 378 3788 volumus,
394 3726 420 3777 et
436 3719 553 3778 delicias
572 3721 748 3794 qrraerimns?

160 3789 252 3858 Certe,
272 3789 295 3846 si
317 3791 394 3849 mille
419 3795 501 3850 annis
515 3794 601 3852 bomo
628 3793 745 3852 vireret.

160 3864 189 3915 et
203 3860 335 3942 ¹numidia
350 3865 377 3920 in
388 3879 460 3937 pane
471 3871 581 3939 etaqua
590 3867 746 3940 jejunaret,
771 3927 773 3933 s

161 3946 273 3989 unicam
289 3939 384 3990 temen
399 3939 748 3996 coenamillamsulticien-
771 3946 773 3998 :

161 4006 204 4057 ter
218 4018 403 4076 compensare
427 4024 483 4064 non
500 4017 605 4080 posset.
623 4012 746 4067 Verum·
771 4073 772 4082 χ

162 4078 268 4145 tamen,
284 4079 331 4148 qui
348 4085 440 4149 potest
454 4095 555 4152 capere
566 4082 668 4153 captat.
681 4081 747 4153 quia

161 4146 249 4228 durus
274 4153 316 4204 est
336 4149 381 4204 bio
393 4166 486 4207 sermo
502 4169 551 4220 pro
565 4152 745 4222 carnalibns;
770 4144 772 4201 ἶ

160 4217 261 4274 etrdeo
276 4221 464 4290 nonsapInnt,
478 4239 528 4279 nec
542 4223 667 4280 sentiunt
682 4239 745 4280 cnm
770 4254 771 4268 ,

161 4305 262 4375 sepfre
278 4307 342 4366 quae
365 4293 411 4349 Dei
429 4299 504 4362 sunl,
522 4299 551 4352 et
577 4295 745 4351 consolatio·
769 4326 771 4381 Ι

161 4367 588 4434 nesrnternesarnoltunt.Qnia,
601 4365 745 4423 si'acetnm
768 4392 771 4423 r

163 4433 281 4494 Domino
298 4445 482 4512 propinatum
496 4439 532 4498 ad
553 4443 677 4498 mentem
694 4454 745 4495 re-

495 451 653 508 stcutblt
680 453 800 510 rtams
827 451 931 506 clrur
959 451 1047 505 LXIII

801 558 947 626 ducerent,
968 557 998 614 in
1016 555 1079 614 cibo
1095 561 1124 614 et
1144 561 1214 630 potu
1239 563 1389 630 qnantum·

801 645 921 701 cumque
939 627 984 684 nli
1000 645 1132 702 saporem
1149 630 1323 689 invenirent.
1342 633 1391 690 Un-

802 703 837 760 de
856 702 1031 758 Bernordus:
1049 721 1062 754 r
1081 705 1144 759 Non
1160 707 1205 760 est
1226 703 1309 760 cibus
1323 705 1390 760 adeo

802 774 910 843 aridus,
926 773 973 845 qni
990 791 1047 830 non
1066 774 1212 831 efficiatur
1225 775 1354 848 sapidus,
1370 776 1391 832 si

802 845 878 903 illius
891 845 962 902 aceti
979 849 1053 918 quod
1066 851 1251 918 propinatum
1271 856 1317 904 est
1329 864 1392 904 con·

803 918 929 976 dimento
954 917 1039 974 luerit
1058 923 1247 990 temperatus.
1279 919 1308 976 Si
1328 936 1391 992 ergo

803 989 882 1047 cibus
897 1007 929 1046 ea
946 989 1055 1046 delectn
1071 990 1149 1052 selis,
1172 992 1216 1047 rel
1236 990 1298 1049 alia
1313 1008 1393 1048 caue

802 1061 889 1118 luerit
901 1061 951 1118 tibi
967 1061 1114 1130 Insipidns,
1131 1079 1188 1119 non
1211 1078 1342 1135 apponas
1357 1063 1392 1120 ibi

804 1134 856 1200 sal,
872 1133 915 1189 rel
932 1133 1144 1190 condimentum
1156 1134 1254 1204 aliud;
1271 1141 1323 1192 sed
1335 1151 1393 1208 pro

803 1210 866 1278 pter
880 1206 1023 1262 Christum
1040 1207 1104 1263 lelle
1119 1211 1147 1263 el
1161 1217 1243 1263 aceto
1265 1213 1392 1278 potatum

804 1276 981 1334 sensualitati
1008 1277 1133 1348 resistas,
1160 1278 1295 1351 cogitans
1322 1282 1392 1351 qno-l

804 1365 854 1422 pro
869 1349 990 1421 peccatis
1006 1349 1062 1406 tuis
1074 1350 1104 1406 in
1120 1366 1192 1422 pane
1207 1359 1236 1406 et
1250 1367 1333 1424 aqua
1345 1353 1392 1407 ab·

803 1425 908 1478 stinere
924 1422 1019 1490 debes,
1037 1429 1066 1478 et
1086 1422 1162 1494 qnod
1180 1422 1260 1478 multi
1282 1439 1392 1494 prope-

803 1509 850 1550 res
869 1492 921 1550 sibi
940 1493 996 1550 ista
1011 1499 1178 1566 reputarent
1204 1494 1242 1551 ad
1265 1494 1392 1562 delicias,

803 1571 831 1623 et
851 1573 917 1622 tnnc
933 1565 1076 1622 videbitur
1090 1565 1142 1623 tibi
1174 1581 1282 1638 magna
1304 1568 1393 1640 gratia

803 1636 911 1709 aliquid
927 1639 1063 1710 adjecisse
1079 1639 1114 1694 ad
1130 1639 1190 1694 haec
1206 1653 1279 1710 rpsa.
1295 1660 1312 1688 o

839 1715 872 1778 15
896 1711 1059 1766 oeconomi
1085 1729 1101 1766 a
1128 1727 1280 1766 rornrroue
1307 1729 1392 1780 acen,

804 1800 886 1839 amus
896 1799 1127 1839 couronnnriosns
1143 1800 1176 1838 nr
1188 1800 1300 1840 onnrro.
1310 1813 1347 1827 -
1360 1786 1393 1840 En

804 1856 857 1910 boc
870 1853 989 1911 articulo
1004 1854 1157 1926 potationis
1173 1854 1257 1922 aceti,
1275 1859 1393 1912 trabun-

805 1932 852 1983 tur
867 1929 949 2000 plura
969 1929 1148 1983 documenta.
1176 1927 1307 1984 Primum
1321 1926 1394 1984 acci-

807 1998 910 2068 piendo
926 1997 980 2055 Ista
1007 1998 1124 2070 mystice
1144 2001 1174 2055 in
1199 1999 1276 2056 bono
1299 2015 1393 2066 sensu,

806 2069 877 2126 sient
892 2070 982 2128 Jnoaet
996 2077 1025 2127 et
1042 2069 1145 2127 rhilites
1160 2071 1251 2127 multa
1265 2069 1392 2128 lecerunt

806 2142 881 2198 mala
898 2141 1067 2210 intentione,
1087 2159 1151 2214 qnae
1172 2149 1268 2198 tamen
1289 2155 1392 2216 myste-

805 2230 878 2270 rrnm
891 2214 955 2270 boni
973 2217 1055 2271 nobis
1070 2213 1241 2286 important3
1253 2221 1283 2270 et
1296 2231 1394 2271 secun·

804 2286 872 2342 dnm
891 2287 944 2342 bo:
964 2287 1101 2343 docemur
1118 2285 1175 2352 nic,
1194 2286 1271 2358 quod
1294 2294 1325 2342 et
1343 2302 1393 2342 nos

806 2357 900 2414 rinurn
917 2357 1084 2424 devotionis,
1100 2357 1257 2414 admixtum
1277 2359 1392 2430 myrrha

806 2429 1033 2486 mortificationis
1049 2433 1152 2498 carnis,
1168 2437 1195 2486 et
1210 2430 1275 2486 telle
1286 2445 1391 2486 amarae

805 2501 1031 2572 compunctionis
1045 2503 1156 2560 Christo
1175 2500 1332 2573 propinare
1344 2501 1391 2558 de·

805 2574 913 2630 bemus
927 2575 993 2630 Tale
1009 2573 1086 2630 enim
1102 2573 1199 2630 rinnm
1215 2575 1390 2645 myrrhatum

806 2654 834 2702 et
847 2646 967 2702 l'ellilum
984 2645 1110 2704 Christus
1127 2663 1145 2701 a
1169 2645 1253 2702 nobis
1280 2645 1351 2714 silit,
1365 2649 1391 2700 el

806 2717 932 2774 oblatum
947 2718 1069 2775 libenter
1078 2723 1184 2790 gustat,
1200 2718 1251 2773 sed
1268 2717 1391 2774 nonrnlt

805 2788 914 2860 bibere,
932 2796 959 2847 et
978 2792 1007 2846 in
1026 2805 1055 2846 se
1072 2787 1204 2861 trajicere
1221 2805 1228 2844 ε
1246 2789 1317 2861 quie
1335 2787 1390 2860 ipse

806 2861 945 2918 bonorum
964 2869 1127 2918 nostrornm
1145 2876 1201 2918 non
1228 2867 1301 2932 eget
1322 2860 1389 2929 Quid
1478 2909 1479 2934 ,

806 2933 881 2989 enirn
906 2933 1018 2990 Christo
1047 2934 1082 2990 de
1107 2939 1206 2989 nostra
1228 2933 1389 3000 devotione,
1478 2939 1479 2962 1

805 3004 1036 3074 mortiflo-atione,
1056 3010 1085 3062 et
1102 3003 1323 3077 compunctione
1345 3019 1388 3060 ac·

805 3077 990 3134 crescit‘lSed
1004 3075 1072 3133 talia
1086 3077 1121 3132 ab
1133 3093 1166 3132 eo
1177 3081 1326 3148 gratanter
1340 3092 1388 3148 gu·
1478 3071 1479 3110 l

805 3154 879 3204 slata
901 3149 984 3206 nobis
1012 3147 1147 3219 relinquit
1175 3151 1278 3218 quibus
1296 3147 1388 3204 omnia

804 3219 853 3276 illa
877 3229 1066 3293 cooperentur
1084 3221 1114 3276 in
1136 3221 1252 3288 bonum,
1280 3219 1337 3276 imo
1363 3225 1388 3275 et

804 3307 902 3349 amara
916 3293 989 3349 llnnt
999 3290 1082 3349 nobis
1094 3290 1200 3359 dulcia,
1216 3291 1318 3348 merito
1333 3305 1387 3348 sue

805 3363 957 3422 PassionIs.
974 3395 1007 3407 -
1027 3363 1110 3420 hlind
1128 3365 1334 3420 documentum
1347 3367 1387 3419 est

803 3435 969 3508 accipiendo
983 3435 1036 3494 ista
1062 3435 1090 3492 in
1106 3435 1181 3492 malo
1199 3450 1297 3504 sensu,
1315 3433 1387 3508 qnod

805 3525 856 3565 nos
867 3524 1017 3565 careamus
1041 3525 1076 3565 ne
1095 3507 1190 3564 vinum
1215 3523 1242 3562 111
1264 3509 1387 3564 1111111111

803 3580 846 3638 vel
865 3579 983 3638 lellitum
1013 3580 1125 3638 Christo
1145 3578 1230 3636 biben
1255 3594 1302 3636 nm
1316 3579 1386 3636 olle-

804 3668 900 3709 ramus
921 3670 927 3708 :
952 3653 1018 3724 qnia
1041 3651 1114 3708 sient
1138 3655 1206 3708 lunc
1227 3649 1332 3720 tudaei,
1352 3649 1385 3706 ita

803 3725 889 3781 etiarn
909 3723 977 3781 mali
997 3721 1150 3781 Christiani
1180 3723 1249 3778 dant
1269 3725 1328 3780 Deo
1348 3721 1385 3778 bi·

803 3797 928 3854 bendum
947 3811 1076 3853 amarum
1104 3799 1212 3866 potum,
1230 3800 1259 3851 et
1279 3794 1385 3851 Christo

802 3867 908 3926 sitienti
928 3869 1048 3924 salntem
1076 3866 1248 3935 animarum,
1266 3867 1385 3924 ollernnt

801 3939 1022 3997 amaritndInem
1041 3947 1230 4012 peccatorum.
1253 3939 1385 4006 Quicum·

801 4027 856 4083 qne
870 4010 945 4068 enirn
962 4017 1038 4068 recte
1054 4011 1185 4076 credunt,
1197 4009 1247 4065 sed
1260 4012 1334 4066 male
1350 4006 1385 4063 ri·

802 4089 879 4152 runt,
899 4082 926 4139 hl
957 4082 1068 4141 Christo
1083 4083 1153 4138 dant
1176 4081 1277 4138 bibere
1295 4081 1385 4138 viuum

802 4170 865 4210 cnm
881 4157 997 4226 myrrha
1016 4161 1044 4211 et
1071 4155 1136 4211 telle
1151 4161 1292 4209 mixtum:
1325 4151 1386 4224 qnia

801 4224 896 4282 vlnum
908 4227 1076 4282 Christianae
1089 4223 1275 4296 professionis
1286 4224 1329 4282 vel
1343 4225 1385 4280 de

801 4296 931 4362 rollonis,
945 4297 1133 4354 miscentcum
1150 4298 1265 4368 myrrha
1280 4301 1309 4352 et
1325 4293 1384 4351 lelle

801 4369 976 4426 scandalosae
992 4367 1225 4436 conversationis,
1247 4369 1276 4423 in
1291 4381 1383 4436 quan-

800 4443 861 4497 tum
875 4441 948 4498 male
959 4441 1077 4500 nitendo
1092 4439 1285 4498 scandalizant
1296 4437 1383 4494 Eccle-
