3124 5038
190 367 235 422 tm
515 371 670 426 subudum
698 371 818 426 PdeiS
845 369 952 425 catut
980 368 1090 424 txt'ttt

191 475 303 534 macula
321 473 351 534 in
369 476 511 550 sanguine
529 477 702 535 Testamenti
718 475 773 547 sui,

191 546 227 604 de
242 547 316 618 lacu,
332 547 361 606 in
380 565 436 622 quo
452 565 511 607 non
533 553 597 606 arat
610 564 696 622 aqua,
712 548 773 605 vin-

197 623 258 675 ctos
286 619 391 678 eduxit.
412 623 489 678 Tunc
510 635 624 693 quoque
649 621 774 692 Angelus

193 691 264 748 Loth
281 707 344 748 cum
365 692 424 750 suis
452 693 488 750 de
515 693 637 750 Sodoma
656 692 770 764 cripuit,

192 766 221 819 et
239 763 363 820 nefarios
387 763 453 836 igne
471 765 624 836 sulphureo
644 763 772 822 involvit.

194 835 274 891 Tunc
287 835 373 892 etiam
389 837 430 892 An
453 835 514 893 elus
527 838 580 908 AEg
599 841 677 906 ptum
692 835 776 892 deaa-

194 905 289 972 stavit,
302 911 331 964 et
345 905 420 964 filios
433 852 526 964 {srael
548 853 613 964 inde
629 906 772 989 liberavit.

193 977 263 1034 Cum
275 993 343 1050 ergo
357 977 438 1036 tortis
447 985 584 1048 armatus,
595 979 703 1036 sorlrcet
715 978 773 1036 dia·

192 1048 284 1118 bolus,
295 1052 452 1108 custodiret
465 1050 569 1108 atrium
584 1065 678 1120 suum,
689 1050 718 1106 id
731 1054 776 1108 est

193 1119 327 1190 limbum,
357 1121 486 1180 Christus
511 1123 614 1180 tortior
640 1137 773 1193 superre-

191 1189 282 1262 niens,
292 1192 395 1252 atrium
413 1209 496 1252 suum
508 1193 635 1263 intravit,
645 1193 774 1322 elipeum

192 1277 245 1335 per
259 1279 370 1322 crucem
393 1281 475 1324 suam
494 1265 658 1336 devincens,
673 1265 774 1338 aliga·

194 1333 244 1390 vit.
263 1337 342 1394 istud
357 1335 479 1396 Benaias
493 1338 561 1394 olim
573 1337 600 1393 in
616 1337 710 1421 ligura
725 1339 775 1394 de-

195 1408 375 1478 monstravit,
389 1409 437 1482 qui
452 1409 488 1466 ad
511 1409 622 1465 leonem
636 1425 665 1466 rn
679 1409 775 1467 cister·

195 1493 262 1534 nam
279 1478 401 1550 intrans,
418 1496 482 1538 cum
505 1481 586 1552 virga
606 1497 657 1538 sua
683 1480 775 1551 ipsum

193 1554 364 1622 prostravit3
388 1552 429 1610 sio
453 1551 579 1610 cbristus
603 1552 720 1610 intravit
739 1552 775 1610 od

196 1622 340 1680 diabolum
366 1623 395 1680 in
423 1623 578 1692 internum,
599 1629 627 1680 et
643 1640 695 1697 per
713 1639 776 1681 san·

196 1697 271 1750 ctam
291 1710 403 1752 crucem
429 1693 583 1779 prostravit
600 1695 703 1768 ipsum.
724 1699 777 1751 t‘cr

197 1763 383 1823 fortissimum
400 1773 486 1824 ettam
502 1769 680 1838 samsonem,
695 1767 776 1824 Chri-

198 1839 258 1892 stus
287 1835 460 1896 iortissimus
485 1837 543 1894 desi
585 1843 659 1908 atur,
680 1854 698 1896 a
719 1855 777 1910 quo

197 1906 411 1978 interualislco,
424 1908 531 1967 scilicet
560 1910 778 1983 iabolussuper-

198 1978 311 2050 abatur,
326 1985 354 2037 et
370 1980 498 2054 potentia
517 1997 569 2039 sua
592 1982 776 2056 privabatur;

199 2055 227 2108 at
241 2054 309 2108 tunc
323 2054 408 2110 bomo
423 2057 465 2111 est
479 2053 618 2112 liberatus
639 2055 674 2110 de
687 2053 777 2127 capti·

195 2121 283 2180 ritate
297 2123 447 2196 diabolica,
464 2141 527 2198 quae
542 2125 610 2183 olim
625 2125 679 2183 luit
691 2125 720 2182 in
735 2141 779 2182 ca·

197 2194 701 2326 plicitateAEeyptiacagraetrgurata.
716 2197 778 2255 Filii

212 2267 285 2324 srael
302 2271 487 2342 rnAEayptoa
526 2271 778 2342 baraoneoppres-

198 2336 233 2406 si,
250 2337 445 2398 clamaverunt
455 2343 491 2396 ad
505 2341 655 2397 Dominum
668 2357 717 2410 pro
727 2357 779 2398 sua

195 2407 374 2480 liberatione,
390 2416 420 2468 et
439 2410 573 2468 misertus
588 2413 724 2469 Dominus
739 2411 779 2469 li-

197 2480 308 2537 beravit
318 2497 368 2538 eos
383 2482 419 2539 de
441 2481 618 2552 captivitate;
634 2483 674 2540 ila
689 2499 779 2556 genus

195 2551 352 2608 humanum
367 2552 524 2626 aprincipe
535 2555 720 2612 tenebrarum
732 2555 779 2612 de·

198 2623 778 2700 tentum,clamavitprosuaredemptione

830 477 907 535 Deus
923 475 1125 550 praefiguravit,
1139 476 1257 550 quando
1267 474 1341 534 Loth
1354 487 1418 532 eum

830 547 891 605 suis
903 548 942 611 de
956 548 1141 606 subversione
1160 547 1297 607 Sodomae
1313 546 1419 626 libera3

830 621 879 676 vit.
896 621 936 677 De
950 619 1080 678 Sodomis
1095 625 1208 678 tantum
1219 619 1289 677 boni
1303 619 1420 677 liberati

831 692 956 762 luerunt,
967 691 1035 750 mali
1047 699 1144 750 autem
1158 692 1227 764 igne
1240 699 1270 750 et
1282 691 1420 762 sulphure

829 763 1002 822 interierunt
1015 780 1023 833 ;
1038 762 1078 821 eie
1091 763 1222 822 Christus
1247 763 1345 821 bonos
1359 767 1420 818 tan·

830 841 892 893 tum
912 835 949 892 de
973 835 1061 893 limbo
1079 833 1224 906 liberavit,
1243 835 1281 893 de
1304 834 1420 891 interno

830 903 1419 988 autemdamnatorumneminemeripuit.

831 981 865 1036 iit
885 979 956 1052 J'ustl
984 978 1099 1051 quidem
1122 993 1188 1037 oum
1208 983 1293 1036 tanta
1320 977 1422 1058 latitia

831 1050 1001 1109 liberantur.
1018 1051 1083 1121 Sed,
1093 1050 1162 1123 quid
1169 1047 1421 1124 putasindicibilrs

831 1121 1029 1180 amaritudinis
1046 1125 1075 1179 et
1094 1121 1315 1180 inconsolabilis
1336 1118 1419 1176 dolo-

831 1193 1110 1324 ttlldiltltt
1133 1188 1420 1322 ltlfflltttatt·

851 1283 860 1322 ι
995 1282 1011 1322 e
1045 1282 1053 1322 1
1408 1289 1420 1302 ·

832 1337 943 1411 guibili,
972 1352 1071 1394 verme
1099 1281 1267 1410 immerga,
1299 1335 1422 1392 tenebra

832 1407 977 1536 palpabili,
995 1413 1086 1466 morte
1114 1407 1277 1466 infinibili?
1290 1409 1340 1466 Vm
1367 1404 1422 1488 illia

833 1480 881 1554 qui
903 1497 936 1538 us
946 1481 1093 1538 detumeat
1106 1481 1161 1537 hoc
1170 1479 1271 1552 potius
1282 1489 1420 1554 expertri,

833 1552 1056 1626 quamcredere,
1071 1552 1115 1609 sel
1128 1551 1233 1609 timere
1248 1551 1255 1608 l

868 1625 1037 1698 9Caa1srns
1064 1637 1295 1681 assuanacronus
1319 1635 1420 1702 stanna

832 1712 987 1760 namneum.
1008 1725 1040 1737 —
1052 1695 1155 1767 Aliqua
1173 1709 1246 1752 vero
1264 1692 1379 1750 morula
1391 1705 1420 1746 rn

853 1767 963 1824 aradiso
980 1767 1053 1824 tacta
1066 1782 1129 1823 com
1144 1767 1194 1836 eis,
1211 1773 1242 1824 et
1252 1764 1341 1822 etiam
1357 1775 1420 1820 cum

833 1783 894 1896 Rue
908 1845 937 1897 et
950 1839 1066 1895 Henocb
1082 1840 1174 1912 ipsum
1186 1833 1420 1916 recognoscenti·

834 1913 888 1968 bus
907 1916 934 1968 et
949 1910 1162 1979 exsultantibus,
1175 1907 1248 1967 dixit
1273 1910 1336 1976 eis;
1354 1919 1421 1979 quta

834 1989 896 2040 erat
904 1988 1027 2056 tempus,
1036 1987 1067 2038 ut
1082 1983 1136 2038 iret
1148 1981 1184 2039 ad
1196 1979 1382 2039 excitandum
1393 1979 1420 2058 et

834 2054 1071 2112 reassumendum
1105 2067 1189 2110 suum
1221 2065 1339 2125 corpus.
1369 2049 1419 2117 Qut

835 2141 934 2183 omnes
948 2125 1140 2200 procidentes,
1152 2124 1363 2191 adoraverunt,
1372 2135 1419 2176 ro·

835 2203 934 2269 gentes
947 2202 979 2255 ut
991 2196 1047 2254 oito
1061 2196 1180 2264 rediret,
1194 2196 1265 2268 quia
1274 2190 1419 2322 qloriosis·

835 2269 937 2326 simum
946 2284 1047 2341 corpus
1056 2281 1139 2326 suurn
1150 2267 1250 2326 ridere
1265 2281 1284 2340 p
1298 2276 1419 2323 nmmum

834 2341 1017 2398 affectabant.
1033 2341 1207 2410 nectanebi,
1222 2355 1238 2396 o
1253 2339 1368 2396 Domine
1380 2335 1419 2418 ba·

834 2415 1009 2482 elocissima,
1031 2416 1228 2484 coapostatam
1250 2409 1419 2482 ptorioeissr-

834 2501 909 2541 mam
919 2487 949 2540 ta
960 2483 1078 2540 secundo
1086 2484 1208 2540 adventa
1218 2487 1266 2539 tuo
1281 2495 1344 2538 eam
1356 2491 1420 2548 pou·

835 2557 881 2613 dio
899 2557 1001 2625 videte,
1015 2561 1042 2612 et
1059 2556 1093 2611 de
1111 2559 1160 2612 tuo
1174 2557 1285 2612 vietam
1303 2557 1418 2629 eterna·

836 2630 900 2684 liter
912 2643 973 2684 cum
993 2629 1087 2684 electis
1102 2629 1159 2684 tuis
1173 2627 1308 2696 paudere.
1325 2623 1418 2680 Const-

835 2699 902 2757 dera
915 2714 991 2756 nunc
999 2700 1142 2771 quomodo
1154 2697 1254 2755 omnia
1265 2711 1331 2769 quae
1342 2687 1416 2751 cbri-

835 2777 897 2854 stus
914 2787 964 2842 pro
988 2769 1070 2852 nobis
1093 2769 1221 2897 pertulit,
1241 2784 1295 2842 pro
1317 2769 1418 2873 ‘nostra

835 2843 957 2900 utilitate
975 2847 1035 2970 Sata
1063 2857 1098 2897 ro
1112 2845 1161 2897 urt.
1180 2841 1262 2898 Unde
1285 2841 1403 2902 Heeronp

196 2693 232 2750 ad
247 2693 408 2761 Dominum,
424 2701 453 2752 et
465 2696 598 2754 misertus
611 2699 682 2769 ejus,
700 2698 778 2756 libe-

196 2765 271 2848 ravit
290 2765 394 2895 iguem.
413 2769 491 2825 Hanc
511 2767 710 2826 liberationem
724 2771 778 2827 ho·

197 2837 282 2894 minis
318 2855 369 2896 eus
388 2840 593 2913 praeirguravit,
612 2842 726 2914 quando
745 2843 779 2899 d·
1343 2907 1349 2918 ,
1394 2904 1400 2914 ,

198 2908 315 2967 brebem
329 2910 364 2967 de
381 2913 439 2969 iiur
452 2912 564 2970 civitate
580 2914 778 2971 Chaldaeorum
834 2929 895 2970 mua
910 2929 972 2986 quae
995 2928 1041 2970 am
1056 2929 1089 2969 ex
1104 2911 1148 2968 bis
1159 2911 1312 2983 colligens,
1327 2905 1414 2965 srodr·

198 2977 339 3038 liberavit.
354 2983 478 3041 Gbaldaei
495 2985 571 3042 cuim
585 2989 652 3054 tior,
669 2987 723 3042 boc
735 2991 778 3042 est
835 2984 891 3043 cit:
908 3007 922 3038 o
937 2983 1096 3057 Opprobria
1106 2985 1201 3040 autem
1212 2987 1276 3056 ejus
1291 2983 1415 3059 nostrum

195 3055 287 3121 tpnem
302 3069 353 3126 pro
368 3055 426 3112 Deo
442 3057 603 3126 coluerunt,
621 3059 695 3140 quod
713 3072 778 3114 cum
834 3057 979 3140 abstulere
999 3055 1201 3184 opprobrium
1218 3053 1333 3112 vincula
1346 3061 1414 3132 altit.

159 3179 161 3184 .
195 3124 340 3183 abraham
363 3127 617 3202 renueret,ipsum
636 3127 778 3200 inignem
835 3145 887 3186 nos
909 3129 1015 3186 liberos
1042 3131 1174 3196 ecerunt;
1190 3139 1300 3183 corona
1320 3131 1415 3203 splnet

196 3197 387 3281 projtecerunt,
400 3201 473 3256 Deos
484 3207 578 3258 autem
591 3216 683 3266 verus,
693 3215 778 3272 quem
834 3199 935 3272 capitis
949 3201 1020 3327 epus,
1034 3197 1257 3282 diademaregni
1266 3197 1360 3280 adeplt
1370 3205 1413 3247 tu·

196 3283 258 3340 ipse
281 3269 379 3340 colunt,
394 3270 431 3328 de
454 3271 521 3344 igne
542 3287 609 3329 oum
623 3271 753 3328 liberavit
768 3289 775 3340 ;
834 3273 1173 3343 mus3runar1busepus
1192 3276 1286 3327 senatu
1306 3275 1413 3346 sumum

196 3341 237 3396 sie
251 3347 280 3398 et
299 3342 418 3400 Sanctos
445 3343 481 3399 de
506 3343 617 3400 interno
644 3342 775 3400 redemit.
834 3343 1050 3416 sepulturaejus
1063 3341 1253 3471 resurJimum
1267 3337 1415 3398 etdescen·

196 3413 274 3468 itanc
293 3411 378 3470 etiarn
402 3414 629 3484 redemptionem
654 3413 777 3470 bominis
834 3431 867 3472 su
882 3415 1141 3484 adtuleros,ascen
1165 3407 1414 3471 imusadcoelos.1›

746 3607 876 3668 ORATIO

233 3797 344 3857 Obone
361 3799 440 3872 lesu,
456 3815 510 3857 nec
526 3800 619 3858 adhuc
633 3798 736 3858 satiate
757 3803 801 3858 ast
817 3803 875 3858 tum
893 3797 1048 3858 ineffabilis
1062 3795 1216 3856 clementia
1229 3793 1350 3878 pietatis,
1365 3786 1412 3846 nist

197 3871 226 3926 el
244 3869 349 3928 interni
365 3870 490 3929 claustra
503 3879 655 3945 penetrans
672 3877 736 3930 tuos
749 3874 875 3944 captivos
889 3871 1024 3930 redimas.
1046 3870 1197 3928 Descendit
1210 3868 1299 3952 igitur
1312 3861 1360 3922 rlla
1374 3858 1412 3915 ie·

197 3939 235 3998 lix
254 3945 302 3998 tua
313 3947 341 3999 ct
355 3943 535 4001 sanctissima
549 3943 644 4002 anima
659 3945 695 4002 ad
711 3945 827 4014 interos,
840 3945 963 4002 educens
977 3942 1087 4000 vinctos
1098 3943 1131 3999 de
1144 3939 1271 3999 tenebras
1280 3941 1310 4022 et
1319 3933 1413 3992 umbra

197 4011 309 4070 mortis.
327 4014 486 4071 Descendet
506 4021 535 4072 et
553 4031 637 4084 trane,
651 4017 718 4072 Jcsu
741 4015 911 4086 misericors,
923 4031 975 4088 per
993 4015 1068 4072 banc
1089 4013 1264 4071 ineffabilem
1282 4009 1411 4084 pietatem

196 4088 285 4156 tuam,
300 4085 394 4157 gratie
412 4091 440 4142 et
462 4085 655 4144 misericordia
672 4092 723 4144 tua
746 4103 831 4161 super
854 4087 965 4146 animas
991 4085 1163 4144 famulorum
1192 4081 1411 4146 tamutaromqoe

197 4161 319 4220 tuarum,
338 4159 488 4230 parentum
505 4165 532 4214 et
546 4157 771 4232 propinquorum
789 4175 930 4230 meorum,
943 4157 1137 4228 familiarium,
1156 4157 1368 4230 benefactorum
1386 4147 1412 4198 0²

198 4227 512 4300 recommendatoruu1;
528 4235 559 4286 ut
572 4245 650 4287 ease
665 4227 758 4302 poenis
772 4247 843 4304 quas
865 4247 915 4304 pro
930 4231 1053 4304 peccatis
1065 4225 1126 4286 suls
1142 4235 1287 4286 merentur
1302 4227 1409 4291 eripitis

192 4301 222 4356 et
237 4299 272 4356 ad
286 4299 391 4373 gaudia
410 4305 517 4358 aeterna
530 4299 681 4374 perducas.
698 4303 798 4359 Arnen.
