3124 5038
222 394 267 449 teo
324 426 330 442 ·
557 389 717 444 SECUNUAE
744 387 865 442 Pthiis
894 388 999 442 chriti
1026 385 1119 442 cxxi

875 501 947 565 tum,
962 513 1024 554 cum
1038 497 1179 554 morinis?
1197 495 1282 565 Quasi
1299 497 1429 556 dicerent
1446 515 1455 554 ι

1552 635 1553 668 l

225 505 255 560 ct
268 497 447 568 mulieribus,
460 495 565 570 quiain
579 496 736 556 afflictione
747 513 808 554 ma·

225 588 282 644 gna
294 575 370 628 sunt.
387 569 523 637 Querunt
542 569 693 626 Dominum
717 583 810 634 suum,

227 649 255 701 et
282 658 341 700 uun
366 639 535 707 inveniunt;
563 645 591 696 et
614 640 743 698 nesciunt
763 639 811 698 ubi

227 730 293 773 eum
309 711 431 784 amplius
444 729 574 784 qnaerere
587 711 720 770 debeant.

876 567 967 626 Nolite
986 584 1050 626 cum
1073 569 1203 640 mortuis,
1223 569 1277 626 hoc
1292 569 1379 626 estin
1394 586 1456 626 mo·

877 647 1025 708 numento,
1044 643 1091 713 qui
1106 640 1184 698 locus
1199 641 1314 714 proprie
1325 647 1370 698 est
1383 657 1457 698 mor-

876 720 1002 778 tuorum,
1015 728 1144 784 quaerere
1159 729 1235 782 eum,
1250 715 1298 785 qui
1314 714 1353 770 ad
1369 713 1456 770 vitam

267 791 297 843 ιδ
321 787 420 840 lrcuuii
442 803 476 840 na
490 802 670 842 arramrions
688 786 813 841 Ancaeo·
872 785 933 857 jam
959 783 1112 840 resurrexit
1128 799 1146 842 a
1162 789 1291 842 mortuis.
1307 787 1455 842 Verumta-

227 875 283 916 nuic
309 873 443 913 nonianus
466 874 686 920 aanoouanriuu.
704 889 738 898 -
755 858 812 913 Do·

227 931 319 987 lentes
342 927 429 1000 igitur
449 933 478 984 et
501 929 603 985 tleutes
620 927 762 1000 discipuli,
784 932 813 985 et

146 995 151 1010 “
228 1017 287 1058 non
301 1003 439 1056 audentes
462 999 511 1057 diu
525 1016 642 1057 manere
665 1002 743 1072 juxta
767 1015 812 1056 se·

229 1072 811 1146 pulchrum,proptermetumiuuaeorum,

229 1145 471 1202 coronandorum
485 1143 524 1200 cd
544 1146 712 1214 semetipsos,
727 1143 756 1200 id
770 1149 813 1199 est

230 1215 266 1274 ad
281 1212 406 1286 hospitia
418 1231 480 1284 sua,
497 1218 526 1272 et
545 1215 611 1274 illuc
633 1214 680 1272 ubi
700 1215 812 1272 babita-

228 1289 308 1354 bant,
324 1289 354 1342 et
369 1285 445 1356 prius
459 1286 622 1357 latitabant,
643 1292 672 1344 et
688 1285 813 1344 audead

228 1363 446 1418 monumentum
462 1363 658 1427 cucurrerant,
672 1357 744 1414 nihil
754 1374 813 1414 ccr-

229 1431 251 1490 ti
265 1427 389 1487 scientes
401 1429 436 1488 de
453 1429 566 1488 Domini
575 1427 810 1497 Resurrectione3

229 1499 326 1564 blariae
335 1507 430 1560 autem
442 1501 549 1560 ibidem
559 1505 768 1559 remanserunt.
777 1504 813 1558 Et

229 1579 336 1647 sactum
346 1580 396 1644 cst,
406 1575 473 1630 dnm
482 1579 572 1631 mente
582 1578 773 1642 consternata,
783 1570 813 1629 id

230 1643 526 1718 est,dumstupeiactae
536 1650 625 1702 essent
635 1645 729 1700 deicio
737 1645 812 1716 quod

229 1721 384 1777 viderant:
404 1718 469 1789 quin
486 1724 515 1772 et
528 1716 651 1789 lapidem
673 1721 732 1772 tam
753 1713 812 1772 im-

232 1802 339 1850 mensae
359 1786 563 1860 magnitudinis
577 1787 737 1844 revolutum
752 1793 812 1844 stu·

230 1861 347 1939 pebaut,
362 1864 390 1917 et
405 1875 507 1932 corpus
525 1863 584 1917 tam
598 1859 709 1916 eximiae
729 1875 812 1916 vene-

230 1935 349 1994 rationis
363 1947 422 1988 non
436 1929 584 1989 inventurn
603 1931 750 2000 dolebant,
767 1947 812 1987 re·

232 2005 385 2080 spicicntes
402 2005 430 2060 in
451 2009 668 2060 monumentum
682 2003 814 2060 viderunt

231 2081 301 2137 duos
313 2073 436 2149 Angelos
456 2075 485 2131 in
499 2073 594 2148 specie
605 2077 742 2140 virorum,
756 2090 814 2132 ecce

233 2151 309 2210 cuim
323 2152 378 2208 dno
391 2149 448 2204 otri
462 2151 597 2204 steterunt
611 2162 688 2204 scens
701 2148 769 2202 illus
783 2149 814 2202 in

231 2229 304 2280 ueste
317 2221 451 2292 fulgenti,
465 2219 502 2276 ed
517 2218 726 2290 designandum
741 2233 813 2290 gau-

234 2289 475 2353 diumilominicae
483 2289 813 2360 Resurrectionishnge·

233 2365 415 2424 linonsolom
426 2361 525 2431 verbo,
536 2361 683 2419 sedetiam
694 2359 813 2432 fulgenti

233 2431 815 2509 habitugloriamannuntianttriumphan-

229 2509 277 2565 tis·
292 2503 492 2580 Apparitiones
501 2505 578 2560 enirn
587 2503 762 2574 Angelorum
776 2503 815 2560 ia·

230 2579 310 2636 ciunt
341 2578 378 2636 ad
406 2573 623 2632 instructionem
647 2574 815 2650 hominnm;

232 2655 261 2708 et
276 2649 370 2707 solent
383 2645 522 2718 perillum
537 2645 653 2702 modum
665 2661 814 2718 apparere,

232 2721 281 2796 qui
297 2717 433 2794 competit
447 2719 499 2782 rei,
517 2719 551 2774 de
569 2733 626 2788 qua
641 2717 747 2774 debent
766 2716 815 2774 in-

233 2799 361 2852 struere:
377 2789 486 2848 candor
496 2795 594 2848 autem
609 2788 705 2854 restis,
721 2789 814 2861 splen·

233 2867 333 2924 dorem
348 2861 498 2922 denuntiat
512 2859 704 2919 solemnitatis
715 2881 721 2930 ;
734 2865 763 2918 et
774 2861 815 2919 id·

234 2954 269 2996 eo
282 2933 377 3010 angeli
388 2933 434 2992 hic
446 2933 476 2990 in
489 2933 608 3006 fulgenti
621 2939 816 3006 apparuerunt

234 3015 323 3079 veste,
339 3007 376 3065 ed
392 3005 587 3063 denotandum
602 3004 740 3077 gaudium
756 3007 814 3062 Do-

230 3080 344 3139 minicae
360 3076 597 3136 Resurrectionis.
613 3078 656 3150 Ap
677 3081 815 3134 aruerunt

233 3157 329 3211 autem
344 3151 411 3219 duo,
426 3149 463 3206 ad
477 3146 632 3232 solemnius
647 3093 814 3206 iinunhan-

235 3226 303 3283 dum
316 3221 420 3282 Christi
430 3223 678 3279 Resurrectionem
690 3239 697 3278 ι
710 3221 813 3278 solem-

234 3296 300 3354 nius
320 3294 425 3368 quippe
447 3293 632 3350 denuntiatur
654 3309 706 3366 per
730 3292 814 3364 duos,

234 3383 320 3442 quam
335 3383 387 3440 per
402 3381 500 3423 unum.
522 3364 575 3422 Ubi
592 3365 668 3422 Beda
683 3383 691 3421 :
709 3383 723 3418 u
739 3365 813 3433 Quo·

233 3441 319 3498 modo
340 3443 447 3506 autem,
479 3435 573 3509 posito
601 3436 631 3492 in
663 3437 814 3509 sepulchro

234 3526 353 3584 corpore
380 3507 545 3578 salvatoris,
567 3506 667 3578 hugeli
690 3507 814 3565 astitisse

233 3583 376 3656 leguntur,
391 3581 432 3638 ita
448 3580 534 3638 etiam
547 3578 725 3636 celebrandis
742 3581 814 3652 ejus·

232 3655 299 3713 dein
322 3651 505 3712 sacratissimi
518 3650 651 3722 Corporis
662 3651 814 3725 mysteriis,

232 3733 288 3784 tem
312 3743 360 3784 ore
370 3723 594 3783 consecrationis
601 3721 735 3780 assistere
748 3728 816 3780 suut

234 3743 379 3867 eueniendi,
393 3801 527 3854 mouente
551 3795 696 3868 Apostolo,
712 3795 813 3852 mulie-

233 3885 280 3926 res
295 3869 402 3925 haberc
419 3870 549 3926 velamen
564 3875 681 3940 propter
693 3867 815 3938 Angelos

233 3941 262 3997 in
275 3939 406 3996 Ecclesia.
423 3959 437 3994 n
450 3941 515 3997 Cum
529 3945 619 3996 autem
635 3937 769 3996 mulieres
781 3955 814 3995 eu

232 4011 342 4069 risione
356 4011 531 4081 Angelorum
547 4010 673 4081 insolita,
689 4014 814 4066 timerent

234 4090 259 4142 et
272 4085 442 4140 declinarent
452 4085 559 4138 uultum
573 4085 603 4138 iu
613 4089 716 4139 terrum
726 4098 760 4138 ex
770 4098 813 4137 re·

233 4153 380 4225 recondis,
391 4155 524 4210 dicemint
535 4152 581 4209 isti
591 4152 692 4226 Angeli
704 4153 814 4210 odilina

232 4227 405 4288 consolando
415 4241 464 4284 ees
479 4224 614 4298 benigne,
626 4231 657 4308 ct
670 4224 814 4282 instruen-

233 4303 269 4360 do
284 4301 319 4359 de
343 4297 446 4359 Christi
470 4300 711 4356 Resurrechone:
739 4297 814 4366 Quia

231 4376 356 4447 queritis
370 4375 515 4446 uiuentem,
531 4373 559 4428 et
581 4371 641 4444 jam
660 4368 812 4428 resuscita·

876 871 943 912 men
956 855 1036 913 multi
1045 855 1165 914 ethodie
1174 855 1456 928 quaernntviventem

876 943 939 985 cnm
951 927 1081 996 mortuis,
1092 932 1123 984 ut
1133 926 1185 996 illi,
1197 927 1246 1000 qui
1257 927 1323 984 licet
1334 927 1390 984 sint
1401 929 1455 986 bo·

876 997 916 1069 ni,
928 1005 1026 1058 minen
1038 998 1162 1056 libenter
1173 1005 1380 1057 conversantur
1391 1015 1456 1056 cunr

877 1069 1080 1142 malis,quibus
1090 1075 1183 1143 potest
1191 1070 1247 1128 diei
1257 1069 1456 1128 illudzliiim't·

877 1147 903 1198 te
918 1148 1038 1200 mortuos
1056 1145 1173 1214 sepelire
1189 1147 1310 1200 cuminos
1328 1158 1404 1200 suos.
1423 1143 1458 1198 Et

876 1213 1055 1286 subjungunt
1067 1213 1166 1286 Angeli
1180 1231 1187 1270 :
1200 1217 1263 1274 Non
1275 1216 1388 1292 cosbin,
1404 1213 1457 1270 sci·

877 1285 943 1342 licet
952 1284 982 1342 in
994 1286 1145 1358 sepulchro
1153 1284 1307 1358 presentia
1316 1284 1456 1358 corporis,

876 1357 925 1486 gui
939 1361 1035 1414 tamen
1046 1373 1187 1430 nusquam
1198 1357 1288 1427 deest,
1301 1359 1458 1430 presentia

897 1427 1007 1499 citatis3
1026 1429 1075 1486 sed
1095 1431 1220 1488 sanccii
1247 1429 1324 1499 inde,
1350 1427 1459 1486 scilicet
1552 1457 1553 1472 κ

876 1499 993 1574 propria
1011 1501 1124 1558 virtute.
1145 1503 1180 1558 Et
1197 1500 1306 1558 addunt
1324 1499 1393 1558 dicti
1412 1500 1457 1558 sni
1552 1509 1553 1576 ζ

877 1572 1137 1638 confirmationem,
1157 1571 1286 1629 dicentes
1301 1590 1309 1629 t
1325 1573 1460 1630 Recorda·
1552 1585 1553 1608 i

877 1645 1331 1715 mintqualiterlocntnscstoobis,
1359 1643 1458 1702 nieve-
1552 1675 1553 1698 l

877 1731 927 1772 rar
945 1721 997 1786 est,
1013 1721 1042 1772 et
1058 1731 1116 1772 non
1135 1715 1217 1785 raho,
1238 1733 1298 1772 cnm
1358 1719 1409 1771 huc
1428 1719 1459 1771 in
1552 1717 1553 1780 ζ

878 1788 995 1845 Galilaea
1004 1793 1082 1856 esset,
1094 1788 1286 1856 dicens:Quio
1295 1793 1400 1859 oportet
1410 1789 1458 1844 m·-
1552 1839 1553 1856 ,

877 1861 946 1916 lium
959 1861 1078 1916 hominis
1090 1860 1167 1915 trudi
1181 1862 1210 1916 in
1222 1875 1320 1916 manns
1337 1865 1460 1931 peccato-

876 1947 949 2001 rum,
965 1935 991 1988 et
1011 1934 1148 2002 crucifigi,
1164 1935 1190 1987 et
1207 1934 1290 1988 tertio
1306 1931 1352 1986 die
1364 1947 1459 1987 resur-
1552 1947 1553 1952 ¹

876 2019 939 2072 pere
953 2019 960 2058 :
974 2001 1059 2070 Quasi
1073 2003 1201 2059 dicerent
1215 2019 1222 2058 :
1241 2002 1295 2060 Diu
1307 2007 1374 2060 ante
1383 2019 1459 2074 prae·

878 2071 946 2130 dixit
963 2073 1146 2144 haecomnia,
1161 2081 1190 2131 et
1211 2074 1275 2131 ideo
1294 2091 1352 2131 non
1371 2073 1458 2132 mire-

879 2143 959 2214 mini,
989 2143 1013 2202 si
1040 2145 1125 2202 inodo
1154 2145 1259 2202 auditis
1283 2161 1346 2202 esse
1372 2146 1457 2202 lacta

877 2217 1459 2290 iubenturverborumrecordari,utprae·

878 2287 1021 2346 dicatione
1037 2293 1155 2346 eventus
1178 2287 1267 2346 futuri
1280 2289 1460 2346 confirmen-

878 2367 926 2418 tur
938 2358 969 2416 in
985 2360 1042 2416 tide
1053 2361 1114 2433 jam
1130 2359 1207 2418 lacti.
1226 2359 1365 2429 Quoniam
1379 2377 1460 2430 uero,

879 2439 911 2490 nt
925 2431 1031 2489 dictum
1048 2435 1101 2502 est,
1116 2431 1261 2502 mulieres,
1276 2431 1345 2489 risis
1359 2434 1461 2504 Auge-

879 2503 925 2569 lis,
936 2502 1070 2560 timentes
1079 2501 1294 2561 declinaverunt
1308 2505 1417 2561 vultum
1429 2503 1461 2560 in

879 2581 997 2646 terram,
1011 2573 1138 2648 mystice,
1153 2590 1217 2632 cum
1230 2575 1391 2632 coelestibus
1402 2591 1461 2648 my·

879 2645 972 2704 steriis
981 2646 1254 2774 appropinquamus,
1260 2647 1388 2720 exemplo
1401 2664 1463 2705 mn-

879 2717 983 2775 lierum
1018 2734 1102 2776 arum
1117 2718 1226 2776 vultum
1239 2717 1269 2776 in
1282 2724 1389 2776 terram
1405 2721 1462 2775 de-

879 2789 987 2848 clinare
1002 2790 1139 2848 debemus
1165 2807 1219 2847 nos
1232 2795 1339 2848 terram
1359 2791 1463 2862 etpul·

879 2877 976 2920 verem
990 2878 1053 2919 csse
1072 2878 1138 2919 roco
1151 2867 1242 2919 entes.
1264 2863 1345 2920 Unde
1363 2863 1461 2920 Beda:

883 2957 892 2981 ·
917 2936 951 2990 Et
965 2950 1018 2991 uos
1048 2949 1117 3006 ergo
1144 2934 1273 3007 exemplo
1293 2935 1462 2992 devotarum

879 3005 938 3062 Deo
959 3004 1142 3076 seminarum,
1170 3005 1282 3078 quoties
1310 3006 1463 3064 ecclesiam

878 3077 1031 3148 intramus,
1042 3083 1070 3134 et
1080 3077 1222 3150 mysteriis
1235 3077 1401 3136 coelestibus
1414 3093 1464 3160 ap-

878 3148 1103 3222 propinquamus
1119 3167 1126 3206 :
1141 3150 1201 3206 sive
1217 3155 1333 3224 propter
1345 3149 1463 3222 angelr—

879 3237 919 3278 cae
934 3219 1117 3292 praesentiam
1131 3220 1254 3286 virtutis.
1269 3221 1329 3279 sive
1345 3231 1464 3294 propter

878 3292 1068 3350 reverentiam
1092 3309 1181 3351 sacris
1210 3292 1374 3364 oblationis,
1396 3310 1463 3351 cuin

878 3363 957 3420 omni
982 3364 1155 3435 bumilitate,
1176 3369 1205 3421 et
1222 3365 1326 3422 timore
1347 3364 1461 3438 ingredi

879 3435 1080 3493 debemusne
1090 3441 1275 3509 conspectum
1285 3438 1462 3510 quippedu-

878 3507 1461 3579 gelorumvultumdeclinamnsinterram,

879 3579 1463 3662 cunrsupernornmciviumquaesintgau-

878 3651 926 3710 dia
941 3657 1049 3708 aeterna
1059 3651 1295 3724 contemplantes,
1311 3668 1363 3709 nos
1378 3669 1462 3710 ciue·-

879 3739 940 3780 rem
954 3740 1027 3792 esse,
1042 3728 1205 3796 terramque
1217 3723 1463 3784 recolimus.sicnt

879 3795 979 3854 beatus
988 3797 1132 3852 Abraham
1149 3812 1156 3851 :
1172 3798 1293 3867 Loquor,
1305 3794 1410 3867 iuquit,
1424 3796 1463 3852 ud

877 3871 1023 3924 Dominum
1035 3884 1133 3936 menen,
1142 3883 1203 3924 cum
1213 3870 1267 3924 sim
1277 3869 1373 3939 paleis
1384 3873 1410 3924 et
1420 3871 1461 3923 ci·

878 3941 930 3995 uis.
949 3941 983 3996 m
1002 3943 1044 3995 est
1063 3939 1230 4004 notandum,
1255 3938 1332 4011 quod
1353 3947 1462 3996 saiictae

878 4009 1022 4078 mulieres,
1034 4009 1191 4068 astantibus
1206 4011 1258 4068 sibi
1270 4011 1461 4137 Angelisuou

877 4081 907 4138 in
925 4087 1031 4139 terram
1051 4084 1199 4153 cecidisse,
1213 4083 1264 4140 sed
1288 4099 1324 4139 vu
1338 4089 1398 4140 tum
1416 4083 1462 4140 di·

878 4159 981 4211 cuutur
996 4155 1024 4209 in
1051 4157 1158 4211 terram
1184 4155 1355 4212 declinasse.
1381 4155 1463 4212 Unde
1552 4145 1553 4198 l

878 4241 940 4282 mos
970 4222 1094 4282 obtinuit
1119 4225 1341 4298 ecclesiasticus,
1371 4234 1405 4285 ut
1433 4225 1463 4284 in

878 4295 1046 4356 memoriam
1060 4297 1217 4356 Dominicae
1232 4298 1276 4356 vel
1299 4299 1330 4356 iu
1355 4305 1462 4357 nostre

877 4383 956 4442 spem
972 4368 1201 4441 resurrectionis,
1217 4374 1246 4430 ct
1259 4367 1393 4430 omnibus
1404 4369 1462 4430 die
