3124 5038
253 395 301 448 208

251 503 440 562 exclusionem
468 500 589 558 alioruin
609 503 843 572 pei'egiinernm,

250 594 315 636 cum
333 575 414 632 valde
431 571 510 630 malti
530 571 671 643 perigrini
689 576 717 628 et
736 573 772 628 de
785 573 834 628 di-

250 649 338 706 versis
364 645 493 720 partibus
510 643 652 700 venissent
670 642 700 700 in
718 645 833 701 Jerusa-

250 720 306 778 lem
318 719 355 777 ad
370 719 444 775 diem
461 717 562 773 testum
580 715 694 772 Pasebae
706 733 712 784 ;
725 716 774 772 sed
786 731 834 772 ao·

248 797 291 849 tat
307 791 499 850 exclusionem
517 785 698 858 cognitionis,
727 789 762 844 ali
778 787 833 844 isto

249 863 290 921 sic
305 865 470 936 apparente,
482 859 590 916 scilicet
608 857 716 916 notitiae
734 859 833 916 mortis

248 939 326 1004 lesu,
335 949 421 1008 quam
436 931 513 989 solus
525 930 672 988 videbatur
685 932 830 1004 ignorare;

250 1011 281 1064 ut
297 1011 334 1064 sit
350 1021 450 1062 sensus
476 1021 483 1059 :
504 1004 574 1060 Curii
589 1001 669 1060 multi
687 1001 831 1075 peregrini

248 1077 293 1136 his
307 1077 407 1136 diebus
417 1074 545 1133 renarint
560 1073 590 1130 iii
601 1074 769 1140 Jerusalem,
782 1074 833 1131 mi·

248 1167 311 1208 runi
326 1147 457 1221 estquod
470 1153 501 1204 tii
518 1146 594 1204 solus
609 1145 763 1204 interalies
780 1163 830 1218 pe·

248 1221 379 1306 regrinos
401 1219 516 1290 ignores
535 1233 569 1275 ea
594 1233 658 1290 qne
681 1222 748 1274 sunt
765 1222 832 1274 uota

246 1293 311 1350 aliis
325 1291 464 1350 omnibus.
478 1289 528 1347 Ubi
545 1290 727 1362 Theophilus:
739 1290 831 1357 ‹iona-

246 1363 270 1421 si
285 1364 393 1422 dieeret
408 1381 415 1419 :
434 1365 474 1420 Tu
487 1361 563 1419 solus
578 1363 657 1434 qnasi
671 1361 732 1444 jam
749 1377 829 1433 pere·

279 1435 343 1494 iniis
366 1452 408 1504 es,
422 1439 450 1491 et
471 1438 550 1490 eitra
572 1433 697 1490 contlnia
711 1434 829 1490 Jerusa-

257 1525 303 1567 em
326 1507 458 1565 baliitans
477 1511 506 1562 et
521 1520 620 1578 expers
639 1519 747 1573 eorum,
767 1520 830 1576 quae

244 1577 274 1637 in
295 1579 389 1639 medio
416 1579 477 1646 ejus
504 1576 692 1646 contigerunt.
710 1582 741 1633 nt
769 1577 829 1634 biae

244 1650 370 1725 ignores.
389 1671 403 1703 i
425 1648 477 1708 Ubi
493 1655 520 1706 et
534 1649 609 1706 Beda
629 1667 637 1704 :
661 1669 675 1700 ii
693 1650 828 1720 Peregri-

243 1739 312 1780 num
327 1724 548 1795 putabanteum,
560 1719 755 1790 cujusvnltum
771 1736 828 1776 noa

243 1796 446 1868 agnoscebant.
472 1793 526 1849 Sed
547 1807 644 1848 reieci
663 1791 829 1863 peregrinus

243 1872 305 1924 erat
314 1869 390 1935 eis‚a
404 1879 526 1936 quornm
541 1869 649 1920 naturae
662 1862 827 1936 tragilitaie,

261 1945 376 2012 encenia
396 1940 455 2008 jam
481 1933 705 1992 llesiirreitionis
726 1935 825 2002 crlorii,

241 1954 324 2084 fonge
339 2009 519 2091 distabatet
529 2024 550 2090 'a
563 2023 684 2090 qnorum
699 1979 765 2089 iiiia,
781 2010 825 2063 nt-

239 2093 306 2156 pote
322 2085 550 2141 llesiirrectioais
563 2095 627 2150 epus
642 2095 748 2148 nescii,
764 2094 824 2134 ma·

238 2157 326 2214 nebat
343 2161 501 2212 extranens.
516 2177 529 2202 i
544 2153 648 2220 Quibus
659 2153 707 2206 ille
717 2150 824 2206 scilicet

238 2229 323 2286 lesus
336 2244 395 2285 nen
423 2242 455 2282 eii
482 2225 655 2296 ignorantia,
674 2223 723 2280 sed
739 2225 768 2279 ut
791 2238 824 2278 eii

237 2299 423 2384 responsione
433 2313 482 2354 eos
490 2303 624 2367 argueret
636 2295 711 2350 dieii
722 2296 824 2362 :Qaet

236 2374 273 2428 Et
285 2370 338 2442 ipsi
356 2369 396 2426 sic
413 2367 579 2440 interrogati
595 2368 630 2422 de
642 2364 723 2422 laetis
733 2365 762 2420 ia
775 2367 822 2422 le-

236 2443 369 2520 rnsalem,
389 2455 520 2510 enaeaam
547 2441 651 2504 esent,
669 2437 821 2492 dicerent:

235 2517 275 2569 De
290 2515 354 2569 lesit
379 2515 532 2576 Niizererie,
558 2513 607 2579 qai
621 2509 678 2572 fait
692 2511 736 2562 eir
750 2510 822 2563 Pro-

258 2586 321 2640 beta
333 2589 427 2655 petens
442 2584 472 2636 iri
487 2597 574 2651 opere,
583 2577 689 2636 scilicet
703 2577 822 2635 miraca-

235 2602 342 2723 forum,
362 2659 387 2710 et
404 2669 535 2733 semona,
551 2649 660 2708 scilieet
679 2649 821 2721 praedica-

236 2725 323 2785 tionis
341 2731 426 2798 atque
446 2724 593 2790 doetrinae,
615 2739 705 2779 ceram
726 2727 777 2778 lieo
795 2729 821 2778 et

236 2803 310 2856 omni
333 2799 452 2870 papiani
470 2802 495 2852 et
508 2795 640 2870 emesae
655 2811 715 2851 eum
730 2796 819 2851 tradi·

234 2872 335 2928 deant
349 2873 450 2928 sumini
464 2867 618 2925 sacedotes
633 2873 659 2923 at
679 2871 820 2939 principes

234 2947 323 3000 nostri
336 2946 366 3000 ia
380 2943 586 2999 damnationem
594 2943 702 3009 mertis,
718 2945 743 2995 et
757 2957 818 2996 ern·

236 3019 384 3086 eiheeraat
402 3031 472 3070 enai.
495 3011 545 3070 Ubi
562 3011 603 3069 ait
621 3011 697 3068 idem
718 3013 790 3068 Beda
809 3029 816 3068 ε

235 3109 250 3140 e
262 3087 433 3159 Prophetam
448 3085 580 3154 latentur,
595 3083 695 3141 Filium
713 3085 761 3140 Uei
775 3089 817 3141 ta-

233 3167 315 3228 ceat3
327 3159 370 3216 rel
386 3157 511 3215 nondam
525 3157 649 3228 perlecta
661 3157 817 3225 merientes,

232 3232 277 3290 iel
295 3229 409 3289 solliciti
430 3245 466 3286 ne
486 3227 644 3286 inciderent
668 3227 698 3284 in
717 3243 819 3284 manns

233 3305 397 3361 iuiaeoium
414 3299 655 3386 persequentium,
678 3297 744 3371 quia
762 3315 818 3356 ne-

232 3374 361 3433 sciebant
374 3389 437 3446 quis
454 3377 538 3440 esset,
555 3371 741 3444 quadrarum
761 3388 819 3427 ere-

234 3447 340 3504 debant
368 3445 502 3504 celantes.
527 3461 541 3496 ii
569 3445 603 3499 Et
630 3443 817 3514 subjungunt,

233 3519 310 3592 qued
324 3517 478 3590 sperabant
492 3513 585 3584 ipsum
603 3513 817 3584 redempturum

235 3591 333 3660 lsrael,
363 3587 443 3660 euasi
460 3587 521 3659 jeai
543 3590 725 3643 evanesceret
753 3602 818 3658 spes

233 3678 348 3730 eornm;
364 3661 444 3733 cujus
462 3674 576 3716 causam
601 3656 735 3728 subdunt,
752 3657 817 3730 qaia

231 3735 292 3805 jani
319 3734 403 3790 tertia
430 3731 491 3788 dies
507 3731 543 3788 ab
573 3729 628 3786 illis
649 3729 728 3786 tactis
745 3735 817 3802 erat,

234 3821 290 3877 qua
309 3820 339 3860 se
357 3819 506 3874 resurgere
550 3803 708 3868 raediierat,
725 3807 752 3858 et
769 3808 817 3858 tii-

235 3892 299 3958 men
312 3875 404 3957 adlinc
419 3819 564 3944 dissiparis
582 3891 638 3931 noa
655 3881 815 3946 appareret,

229 3947 298 4004 lieet
311 3951 395 4002 tertia
405 3947 466 4003 dies
481 3963 569 4018 prope
584 3947 670 4004 linem
683 3951 767 4004 esset.
785 3948 817 4003 lit

231 4019 350 4077 addunt.
366 4019 442 4088 qnod
457 4017 572 4090 quidam
582 4035 614 4074 eii
627 4033 667 4074 eis
677 4021 817 4076 abeuntes

231 4093 266 4151 ad
278 4095 675 4156 monumentarii,terraerunt
687 4108 746 4160 eos,
758 4107 817 4147 aon

230 4163 265 4221 de
282 4164 498 4220 Resurrectiene
511 4159 614 4216 Christi
638 4177 724 4232 quam
738 4179 816 4219 anii-

231 4235 352 4307 tiabant,
383 4235 432 4292 sed
461 4233 496 4289 de
516 4231 658 4289 ablatione
689 4233 816 4306 corporis

231 4311 359 4384 ejusaoa
374 4303 586 4378 inventionem
598 4303 817 4377 discipulitime·

230 4383 392 4440 beatiano
401 4383 459 4454 ipse
470 4375 606 4434 Ueniiiiiis
621 4377 698 4432 dicit
711 4379 748 4434 ed
760 4395 813 4441 eoi,

583 395 745 448 saturae
766 395 882 450 atatis
911 398 1016 452 aiant
1043 401 1150 456 lxxii

888 519 921 560 ei
943 503 1128 576 responsione
1156 523 1253 564 eornm
1280 507 1350 580 ipsos
1367 509 1442 566 redir-

888 591 978 658 guens
999 593 1006 632 ι
1033 578 1160 646 Oetalti,
1186 585 1297 652 prepter
1312 581 1442 638 cecitatem

889 647 1060 729 intellectus,
1089 655 1115 704 et
1143 651 1220 706 tardi
1246 651 1330 717 eorde,
1350 659 1444 724 propter

887 718 1051 777 tarditatem
1064 720 1194 788 allectus,
1210 723 1247 777 ad
1261 725 1405 779 eredeiidiiri
1422 727 1444 780 ta

889 789 933 846 bis
947 793 1082 856 omuibus,
1099 809 1158 876 qna
1173 795 1256 850 locati
1272 801 1331 850 sent
1344 797 1442 865 Prophe·

888 867 929 924 ise.
951 861 986 920 de
1003 863 1107 921 Christi
1124 871 1213 922 morte
1230 873 1258 922 et
1271 867 1443 923 Resurrectio-

887 933 941 990 nel
965 937 1060 992 alenae
1081 938 1135 992 ltaee
1159 941 1279 994 oiiortait
1307 941 1363 1010 pati
1380 940 1442 994 cliri-

886 1009 959 1088 stiiiii
972 1023 979 1062 z
996 1011 1057 1064 tum
1069 1013 1183 1079 propter
1195 1008 1284 1064 Patris
1296 1009 1442 1079 preordina-

886 1082 1004 1138 tionem.
1020 1083 1079 1136 tum
1095 1084 1208 1152 prepter
1223 1080 1319 1138 curtii
1332 1079 1443 1138 exalati-

886 1163 982 1218 eaem,
1003 1157 1062 1207 tnm
1081 1157 1198 1224 prepter
1217 1151 1329 1210 hnmani
1350 1151 1443 1224 generis

886 1219 1122 1294 redemptionem,
1147 1229 1208 1280 tum
1232 1229 1343 1296 propter
1360 1226 1442 1282 Sacra·
1516 1213 1517 1298 l

886 1308 950 1349 rum
977 1293 1189 1374 §priptiirarnm
1213 1294 1408 1368 impletionem;
1425 1300 1443 1350 et

885 1365 1051 1432 itascilicet
1062 1381 1113 1438 per
1125 1367 1288 1424 Passionem
1299 1372 1325 1423 et
1335 1372 1442 1429 mertem,

885 1437 991 1492 intrare
1016 1437 1045 1493 iii
1067 1439 1186 1508 pieriam
1204 1455 1293 1508 snam,
1319 1439 1353 1496 ad
1376 1453 1442 1520 qnam

885 1522 969 1589 nemo
993 1509 1150 1582 perveniet,
1172 1509 1226 1566 nisi
1252 1527 1302 1582 per
1324 1511 1444 1566 Passionis

885 1579 981 1636 iiam?
994 1583 1031 1636 Et
1046 1583 1181 1652 incipietis
1196 1599 1213 1638 a
1228 1585 1317 1654 Mopse
1335 1588 1359 1638 el
1374 1583 1443 1638 eiiii-

885 1651 934 1706 bns
953 1653 1097 1723 Prophetis
1119 1655 1357 1726 interpretabatur,
1373 1659 1397 1710 et
1408 1669 1443 1710 ei-

883 1724 1008 1794 poaebat
1023 1726 1090 1788 illis,
1107 1727 1137 1781 ia
1156 1727 1281 1782 omuibus
1303 1726 1442 1798 seripturis,

883 1811 944 1866 aaa
966 1796 1001 1850 de
1020 1798 1080 1866 ipso
1104 1805 1194 1866 mont,
1211 1799 1362 1856 inducendo
1376 1795 1442 1853 testi-

884 1865 978 1922 monia
993 1866 1089 1939 aliqua
1104 1874 1132 1925 et
1145 1869 1299 1942 aperiendo
1319 1868 1441 1940 mysteria,

883 1939 1442 2020 qnantnmadprepositnmesteadendun

881 2010 1040 2068 sufficiebat
1050 2031 1056 2072 ;
1066 2015 1220 2070 ostendens
1231 2013 1271 2070 eis
1284 2011 1443 2070 emniaeiria

881 2079 973 2162 ipsum
988 2082 1136 2140 lactaaute
1146 2085 1233 2142 inisse
1247 2087 1383 2158 praeliata.
1398 2085 1442 2139 lir-
1516 2133 1517 2152 ,

881 2157 964 2234 mitiis
979 2157 1055 2211 enini
1072 2154 1136 2212 lidei
1153 2155 1182 2212 iu
1196 2173 1231 2214 eo
1249 2163 1301 2227 est,
1318 2156 1440 2229 quiaom·
1516 2179 1517 2182 ¹

881 2240 939 2288 aia,
960 2240 1023 2296 enai
1043 2224 1072 2282 in
1095 2227 1206 2286 Christo
1227 2230 1294 2286 iesu
1312 2229 1442 2292 renerent,

880 2295 1016 2368 praedicta
1030 2302 1106 2355 snut.

914 2370 1105 2426 dllnnriraax
1131 2371 1233 2428 Doiiirn
1261 2389 1289 2428 iri
1312 2389 1359 2429 aaa
1376 2385 1443 2427 racio

878 2456 1047 2498 seniensis
1065 2473 1100 2482 —
1114 2441 1271 2501 Considera
1296 2445 1339 2501 liic
1361 2440 1442 2499 molti·

877 2511 979 2582 plicam
996 2511 1107 2570 Uomini
1124 2514 1328 2588 benignitatem
1342 2521 1368 2573 et
1379 2509 1444 2571 boni·

877 2587 975 2665 talem.
1006 2615 1039 2628 -
1068 2587 1173 2653 Primo,
1202 2587 1270 2658 quii
1291 2605 1343 2644 nan
1368 2581 1443 2656 'iiiiii
1515 2597 1516 2654 l

877 2670 938 2736 epus
956 2655 1066 2736 terrens
1087 2673 1168 2714 amor
1182 2659 1324 2716 sustinere
1339 2673 1398 2715 suos
1410 2655 1441 2710 sii

876 2733 983 2782 tristari
999 2733 1027 2784 et
1039 2743 1146 2786 errare.
1160 2731 1233 2788 Vere
1249 2731 1320 2788 lidus
1333 2735 1371 2786 est
1383 2729 1441 2784 inii·

876 2814 936 2866 ciis,
953 2798 1044 2882 tidelis
1058 2816 1154 2858 comcs
1167 2809 1194 2858 et
1210 2802 1347 2874 lieiiigiiui
1362 2797 1442 2857 Ueiiii·
1515 2849 1516 2858 ,

874 2881 1056 2944 nns31angit
1075 2888 1105 2928 se
1123 2872 1200 2944 ipsis,
1220 2875 1323 2947 qnaerit
1337 2870 1443 2930 tristitie

874 2959 1000 3025 eausam,
1028 2949 1057 3000 et
1078 2951 1193 3017 exponit
1218 2947 1262 3004 cis
1289 2946 1442 3018 Scripturas,

873 3016 1056 3072 iutlammans
1075 3017 1162 3074 corda
1180 3033 1289 3076 eornm.
1305 3017 1348 3077 Sie
1362 3017 1442 3088 qnoti-

875 3087 919 3169 die
950 3086 1017 3143 lacit
1043 3086 1190 3146 nobiscnm
1214 3083 1441 3164 spiritualiora

874 3174 950 3215 euim
973 3158 1070 3230 aliqua
1086 3161 1271 3232 perplexitate
1287 3163 1330 3219 iel
1348 3157 1443 3218 accidia

874 3229 993 3302 gravati,
1007 3232 1053 3302 pie
1066 3230 1101 3286 de
1112 3230 1173 3304 ipso
1191 3233 1344 3306 loquimur,
1359 3229 1442 3288 statim

874 3301 963 3370 adest,
977 3302 1142 3360 coniectans
1160 3306 1250 3363 corda
1264 3313 1359 3363 nostra
1372 3308 1398 3361 et
1411 3301 1442 3356 il-

873 3372 1027 3455 luminans.
1041 3381 1069 3431 et
1085 3373 1217 3433 etiamad
1234 3392 1358 3435 amorem
1372 3387 1442 3432 sunni

872 3446 1063 3502 inflammans.
1091 3445 1236 3518 Optimum
1263 3448 1338 3506 enini
1362 3461 1443 3503 reme·

872 3515 951 3572 diam
966 3522 1009 3574 est
1036 3527 1137 3575 contra
1159 3519 1230 3576 tales
1245 3521 1442 3594 perplexitates,

873 3588 949 3670 lorini
965 3587 999 3644 de
1013 3590 1080 3657 Dee,
1092 3591 1223 3648 similiter
1233 3599 1263 3650 et
1280 3591 1400 3660 coeiiiie
1413 3587 1442 3643 de

872 3676 949 3728 iiiso;
963 3667 1080 3733 propter
1094 3662 1179 3734 qnod,
1197 3662 1315 3722 istorum
1329 3660 1441 3732 discipu·

872 3731 964 3788 lorum
984 3735 1122 3804 exempto,
1138 3750 1201 3792 com
1235 3753 1268 3794 er
1287 3735 1358 3792 viani
1375 3733 1442 3788 iacr-

873 3803 981 3888 dimus,
992 3805 1027 3862 de
1043 3805 1197 3863 salutiferis
1213 3752 1289 3880 Hiqui
1309 3807 1442 3868 debemus,

872 3881 902 3931 nt
917 3877 1059 3934 Cliristiim
1074 3877 1222 3936 nobiseum
1232 3883 1391 3953 pergentem
1404 3876 1444 3930 bt·

872 3947 999 4018 beamus,
1023 3957 1052 4006 et
1077 3966 1135 4006 non
1161 3951 1254 4008 solnm
1279 3954 1442 4024 pergentini.

872 4020 1023 4078 sedetiam
1040 4037 1091 4078 nos
1110 4021 1288 4087 edocentem,
1306 4023 1375 4078 sicut
1390 4017 1442 4074 istis
1514 4069 1515 4072 ,

872 4092 981 4148 duobus
1010 4091 1166 4164 discipulis,
1186 4110 1249 4152 cum
1270 4094 1367 4166 quibui
1384 4090 1443 4154 ital,

872 4162 1032 4235 Scripturas
1046 4164 1203 4236 aperiebat.
1215 4169 1247 4222 lit
1256 4161 1442 4223 universaliter

872 4233 976 4307 ubique
992 4235 1098 4292 bonnm
1113 4246 1156 4294 est
1168 4237 1246 4310 loqui
1260 4239 1295 4295 de
1313 4239 1387 4304 lesu,
1403 4235 1443 4290 be·
1514 4291 1515 4299 ,

871 4323 940 4364 iiam
956 4311 999 4390 est
1014 4323 1078 4364 enm
1092 4309 1120 4365 ia
1136 4317 1231 4368 mente
1245 4325 1356 4383 semper
1368 4307 1441 4364 bibe

872 4395 913 4449 re,
936 4395 1004 4450 qnia
1018 4395 1070 4438 nse
1087 4379 1149 4454 ipse
1167 4380 1342 4440 obliviscitur
1356 4389 1443 4438 eorum
