2974 5040
181 385 213 441 ab
523 383 683 437 securta:
711 383 830 450 rllrrts
858 383 962 436 curli
989 383 1066 437 txll

181 493 270 552 nostri
288 493 318 550 in
326 489 437 566 judicio
452 507 603 564 apparere,
618 507 682 550 cum
697 489 769 619 qui·
827 489 896 548 lium
923 491 1077 575 positurus.
1103 493 1195 576 Cerne
1221 492 1414 578 etiamnunc

180 568 233 626 bus
248 567 309 638 ipse
327 565 463 637 diguatus
479 563 533 620 tuit
546 563 655 620 tudaers
671 579 704 620 os
718 580 768 620 cn·
826 564 970 634 quomodo
981 579 1022 620 src
1032 565 1239 622 contumeliose
1254 573 1417 626 restituant

179 638 246 695 tari.
259 641 336 703 lesu,
351 639 402 708 qui
416 652 477 692 oum
486 637 627 692 illusionis
637 638 768 705 insigniis
826 643 987 703 coronatus,
999 639 1028 692 et
1036 651 1100 693 cum
1108 643 1223 718 sceptro
1246 636 1374 707 incedit,
1388 649 1415 698 et

179 711 283 766 ludats
314 710 448 765 ostentari
478 709 603 770 uoluisti,
633 707 671 764 do
699 709 769 763 milri
792 759 794 770 ,
825 706 968 778 quomodo
986 705 1058 764 iacie
1087 707 1205 766 drmrssa
1227 715 1284 766 stat
1311 727 1413 770 coram

181 784 390 839 ostentationem
409 795 488 836 oona
513 779 608 849 gloriar
632 779 765 842 deuitare,
824 783 905 836 tanta
922 777 1106 836 multitudine
1121 779 1294 838 uociferante
1312 787 1345 838 et
1361 785 1416 840 nla-

181 859 208 910 ct
224 870 285 909 oum
299 852 401 908 eodem
414 853 546 920 insigniis
558 853 685 922 mysticis
704 855 768 906 onte
825 855 920 907 manta
941 867 948 906 :
965 849 1115 922 crucifige,
1139 850 1284 934 cruicflge,
1300 868 1414 912 acsem-

183 931 354 998 eonspeetum
373 928 450 979 tuum
469 925 499 978 io
522 927 643 981 extremo
657 920 767 992 judicio
823 936 875 994 per
887 937 953 979 eum
969 921 1116 1004 deridente
1129 927 1159 979 et
1168 921 1222 980 sibi
1236 924 1414 998 insultante,

184 1011 350 1068 comparere.
824 991 905 1066 quasi
921 992 1109 1066 sapientiores
1123 1010 1158 1051 eo
1173 995 1308 1065 luerunt;
1325 997 1414 1056 etsie

219 1073 253 1138 nd
266 1067 410 1126 Ccauoncs
427 1067 579 1124 lnnnonmr
602 1081 767 1121 cnumrrxro·
822 1079 881 1122 non
896 1065 987 1122 solum
1006 1065 1120 1122 dolores
1134 1069 1164 1122 et
1179 1081 1290 1137 poenas,
1306 1069 1364 1126 sed
1378 1087 1414 1127 e-

182 1157 237 1198 ssu
252 1141 353 1196 Donum
368 1155 531 1207 rnrnurmu,
541 1153 721 1193 nocuunrruu
734 1153 768 1192 nx
823 1135 893 1193 tiam
907 1135 1096 1219 contumelias
1107 1140 1136 1194 et
1148 1143 1273 1221 terrores
1288 1141 1415 1225 recipie-

184 1229 237 1282 ars,
256 1229 340 1270 serus
359 1225 590 1267 conroauarrosrs
606 1225 639 1264 cr
657 1225 765 1264 onemo.
823 1207 873 1264 bat
887 1209 924 1266 ab
950 1223 1002 1265 ers.
1017 1209 1056 1264 Ex
1081 1208 1136 1264 boc
1154 1209 1286 1282 articulo,
1303 1228 1356 1284 qrn
1383 1213 1412 1270 in

183 1317 215 1330 -
229 1285 283 1342 Sed
301 1282 368 1346 lieet
387 1280 494 1338 Pilatus
515 1281 576 1338 haec
595 1285 673 1352 agat,
689 1279 767 1336 insa·
823 1278 947 1336 clamore
958 1278 1099 1348 consistit,
1114 1281 1237 1338 trahitur
1249 1283 1413 1342 documen·

180 1352 609 1425 tiabitistamensaerilegorum
621 1351 767 1408 lurornon
822 1353 894 1420 lum,
909 1351 986 1423 quod
1000 1368 1058 1408 non
1076 1351 1164 1408 relert
1188 1352 1225 1410 ad
1249 1355 1342 1428 culpor
1364 1355 1412 1414 in·

179 1433 283 1496 cessat,
302 1425 433 1498 quinimo
458 1423 550 1552 maffia
576 1421 676 1479 instat.
693 1424 766 1480 Ecce
821 1421 980 1480 tentionem
1000 1422 1131 1480 occidere
1146 1423 1293 1482 bominem
1310 1429 1412 1500 lingna

179 1513 285 1571 magna
296 1495 454 1571 pertinacia
465 1498 501 1554 tu
523 1509 644 1563 aeorum,
659 1493 688 1550 in
702 1509 765 1564 pro·

180 1571 306 1628 curando
321 1577 442 1624 mortem
456 1565 574 1635 Christi,
590 1582 658 1623 narn
674 1566 764 1624 obsti·

180 1648 249 1700 nata
271 1637 398 1712 nequitia
418 1655 476 1694 non
489 1639 636 1695 emollitur
651 1637 762 1694 miseri-

181 1711 289 1771 cordia.
303 1713 381 1768 Tunc
395 1711 471 1766 enim
486 1725 547 1764 oum
556 1709 692 1764 uidissent
703 1725 763 1766 eum

181 1784 222 1842 sic
258 1781 367 1840 unitum
386 1787 416 1837 et
429 1779 556 1848 illusum,
569 1779 611 1836 illi
627 1779 719 1838 tudaei
732 1780 763 1836 n-

181 1854 211 1913 lii
231 1799 349 1922 Xiaboli,
373 1850 535 1925 prasertim
566 1849 716 1932 Pontifices.
737 1857 764 1910 et

180 1927 304 1984 ministri
317 1930 346 1982 et
364 1927 578 1996 cognoscerent,
592 1923 670 1994 quod
687 1923 762 1980 Pda-

179 2004 227 2058 tus
239 1997 280 2056 sic
294 1997 408 2055 volebat
416 1993 560 2052 dimittere
571 2010 647 2077 eum,
660 1994 689 2052 in
702 1995 763 2051 norl-

179 2073 208 2129 lo
223 2069 428 2143 compatientes
440 2069 519 2137 ei,ac
534 2066 691 2150 punitionis
701 2083 763 2124 cor-

177 2139 760 2218 reptione,etillusionumopprobrronon

179 2213 315 2284 contenti,
331 2229 384 2271 nec
404 2211 486 2269 Pilati
500 2211 683 2268 excusatione
697 2210 760 2290 pla·

178 2287 243 2350 cati,
265 2286 433 2351 otumobout,
447 2284 632 2346 tumultuose.
647 2287 675 2339 ct
689 2283 761 2340 atros

178 2359 215 2416 ad
229 2357 411 2414 clamandum
425 2355 596 2421 excitabant,
614 2353 733 2435 dieentes
750 2372 759 2409 ε

178 2431 323 2498 Gnacittpe.
338 2429 466 2495 uuoifioe
485 2441 556 2481 eum.
574 2425 660 2492 Quasi
684 2424 760 2482 dirc-

179 2507 244 2558 rent
260 2515 268 2554 t
286 2501 350 2554 llaec
364 2511 449 2568 poena
466 2495 544 2550 nullo
570 2496 656 2551 modo
677 2496 760 2554 nobis

179 2569 295 2637 sufficit,
311 2567 361 2626 sed
376 2566 497 2639 petimus
515 2567 590 2637 quod
610 2568 759 2626 moriatur.

179 2636 758 2709 videnteseummagiscommovebantur,

180 2716 247 2786 quia
266 2727 299 2769 ex
318 2715 435 2781 aspectu
449 2709 511 2781 ejus
528 2707 576 2781 qui
590 2707 657 2765 odio
672 2710 759 2792 babe-

177 2789 236 2854 tur,
251 2783 342 2854 magis
357 2793 457 2838 contra
478 2795 545 2838 eum
568 2797 618 2838 cor
637 2781 760 2840 odientis

177 2856 381 2914 inflammatur.
398 2851 578 2925 ingeminant
591 2855 684 2909 autem
699 2869 762 2911 cru·

178 2929 274 3000 cissge,
293 2931 408 2998 propter
425 2923 559 2981 desiderii
584 2923 759 2982 vehementi-

180 3016 238 3069 am,
253 2995 360 3070 etquis
376 2995 520 3054 voluntate
532 3001 561 3052 et
574 3011 660 3065 opero
672 2996 760 3054 cruci-

178 3073 302 3129 fixerunt
313 3083 390 3126 eum.
406 3069 508 3139 blagna
521 3066 684 3136 erudelitas,
693 3068 760 3140 quia

179 3160 238 3202 non
256 3139 362 3200 suitleit
379 3138 420 3196 eis
443 3139 577 3209 alterum,
591 3138 698 3196 seilicet
716 3140 758 3197 rel

178 3212 394 3289 degeneraret
423 3210 563 3283 occidere,
584 3213 633 3267 sed
650 3218 758 3268 utrum-

176 3303 251 3361 que;
267 3303 319 3344 nec
338 3284 466 3342 contenti
490 3288 556 3340 sunt
580 3297 758 3356 quarumque

176 3367 280 3427 morte,
295 3357 345 3415 sed
371 3354 537 3428 turpissima
561 3361 590 3411 et
607 3354 759 3438 durissima

177 3447 208 3488 se
222 3429 315 3488 erucis
330 3427 495 3484 desiderant
514 3425 656 3494 occidere,
671 3426 759 3483 claros

177 3499 256 3573 elligi
275 3499 312 3556 ad
327 3499 435 3569 lignum
450 3502 584 3568 quaerurrt
599 3511 606 3552 ι
623 3513 658 3553 ne
676 3499 759 3554 dolor

178 3571 261 3630 citius
283 3567 411 3636 ttuiatur,
425 3567 476 3624 sed
507 3572 598 3622 morte
613 3567 759 3648 ‚producta

176 3642 364 3711 moriatur,et
375 3645 406 3696 ut
420 3640 539 3696 incruce
549 3636 655 3694 diutius
667 3639 759 3696 ridea-

176 3721 240 3785 tur,
274 3719 303 3772 et
334 3711 420 3769 modo
448 3707 549 3767 mortis
581 3708 756 3768 diliametur.

176 3789 224 3854 Et,
250 3783 407 3842 seeundum
429 3781 671 3852 chrysostomum,
694 3783 758 3838 tor-

175 3856 317 3914 midantes
337 3870 373 3911 ne
389 3853 485 3925 aliqua
501 3853 564 3925 eius
587 3858 652 3924 post
664 3852 757 3925 ipsum

176 3931 228 3986 ttat
248 3925 397 3994 memoria,
411 3925 527 3981 student
552 3929 581 3982 et
598 3925 635 3981 ad
650 3924 757 3998 suppli-

821 1493 865 1551 rel
885 1494 992 1564 gladio,
1005 1498 1082 1552 unde
1107 1495 1258 1554 Psalmista
1272 1514 1280 1553 ι
1295 1500 1412 1569 tanao

821 1582 912 1622 eorum
926 1567 1041 1635 gladius
1057 1571 1173 1635 neutum
1189 1573 1218 1625 et
1232 1567 1410 1640 loquiturad

820 1636 986 1695 litteramde
998 1638 1105 1696 Judaeis
1117 1639 1327 1698 clamantibus:
1340 1643 1411 1701 Cru-

820 1708 911 1782 oifige.
927 1711 1017 1782 Super
1030 1725 1086 1782 quo
1097 1711 1292 1781 depretiatus:
1304 1733 1320 1767 u
1330 1715 1409 1788 ltoli,

819 1782 870 1850 ait,
888 1781 1036 1838 attendere
1051 1781 1176 1840 inermes
1184 1799 1300 1853 manus,
1308 1786 1362 1843 sed
1373 1803 1408 1844 os

819 1861 971 1923 armatum,
985 1852 1052 1910 inde
1068 1853 1181 1925 gladius
1194 1859 1406 1929 processitque

818 1923 946 1981 Christus
959 1923 1146 1982 occideretur.
1163 1947 1178 1976 n
1195 1927 1321 1984 Careaut
1331 1945 1404 2002 ergo

817 1995 871 2052 sibi
885 1996 1070 2061 detractores,
1083 2002 1111 2053 et
1121 1997 1316 2070 proximorum
1330 1999 1405 2058 inla-

817 2074 951 2130 matores.
967 2084 1003 2124 ne
1017 2073 1154 2125 exacuant
1165 2077 1194 2126 ut
1207 2069 1334 2142 gladium
1349 2073 1405 2131 lin·

815 2154 962 2210 guassua:
974 2138 1041 2210 qnia
1052 2139 1225 2211 sicutgtadio
1238 2145 1402 2215 corpus,sic

817 2209 914 2282 lingua
928 2211 1004 2267 tama
1019 2211 1144 2268 bominis
1157 2212 1307 2295 perimitur
1319 2232 1327 2285 ;
1348 2233 1401 2274 un·

815 2282 850 2338 de
861 2281 964 2340 dicitur
974 2282 1004 2339 in
1018 2282 1181 2340 Proverbiis
1195 2301 1202 2340 :
1215 2287 1290 2342 olore
1300 2293 1329 2344 et
1340 2292 1400 2346 rito

815 2355 845 2409 in
860 2355 988 2410 munibus
1011 2356 1122 2425 lingue.
1140 2358 1222 2425 ltem,
1242 2361 1286 2415 est
1308 2358 1399 2419 docu-

817 2432 954 2494 mentum,
972 2426 1048 2497 quod
1063 2442 1120 2483 non
1134 2443 1248 2500 semper
1261 2429 1297 2487 ad
1335 2448 1401 2490 ure-

816 2497 884 2554 ltbet
900 2499 1076 2566 interrogata
1095 2506 1137 2556 est
1151 2447 1397 2582 respondengum.

815 2569 858 2625 ltd
874 2568 1110 2627 conformandum
1137 2587 1168 2628 se
1187 2571 1252 2628 horo
1265 2573 1398 2644 articulo,

815 2639 954 2712 recogitet
971 2641 1056 2698 bomo
1071 2657 1156 2714 quam
1176 2641 1320 2701 terribiles
1334 2647 1398 2704 irre·

815 2718 883 2768 runt
899 2711 939 2768 illi
954 2713 1093 2770 clamores
1105 2713 1282 2784 ludaeorum,
1297 2720 1328 2772 et
1346 2734 1398 2776 re-

815 2789 989 2842 memoretur
1002 2801 1039 2841 an
1056 2783 1116 2856 ipse
1137 2801 1183 2841 um
1207 2802 1272 2854 uam
1293 2785 1400 2861 iniquis

814 2801 1397 2937 bominumtnsidrisautarbiocorionrbus

814 2942 866 2983 seu
881 2926 1103 2984 detractionibus
1118 2933 1218 2985 contra
1237 2930 1397 3002 proximum

814 3013 866 3070 per
899 3013 1069 3055 consensum
1095 2999 1328 3071 conclamarent,
1353 3005 1396 3061 rel

813 3069 884 3125 alias
896 3075 980 3141 prout
993 3072 1067 3128 Deus
1081 3069 1203 3138 dederit,
1218 3077 1247 3128 et
1261 3071 1303 3130 sie
1313 3083 1396 3133 oret:

813 3143 887 3205 lesu,
905 3145 954 3212 qui
976 3143 1112 3198 terribiles
1138 3143 1396 3218 Judaonrmooees,

813 3215 951 3284 crucifige,
963 3217 1091 3284 crucifige
1100 3215 1398 3280 clamantiumuudtre

813 3287 926 3340 minime
945 3289 1094 3357 ecpuoisti,
1112 3286 1150 3341 du
1172 3289 1244 3342 mibi
1268 3289 1396 3348 inimico·

813 3373 874 3411 rum
888 3362 997 3413 tuorum
1009 3357 1099 3413 vebis
1113 3359 1332 3418 exsecrabilibus
1343 3380 1397 3420 nors

813 3430 920 3491 terreri,
947 3434 972 3485 rt
997 3430 1094 3498 lingua
1121 3445 1182 3485 meo
1207 3441 1396 3492 nocumentum

813 3502 942 3572 proeimo
960 3516 1015 3556 noo
1029 3503 1143 3564 inferre.

851 3575 883 3626 nb
901 3571 1174 3634 Praenestinarum
1186 3589 1331 3633 orrrrrrsnc
1345 3595 1396 3633 ro·

813 3657 891 3710 cars,
907 3660 960 3699 noa
978 3661 1068 3700 neruo
1087 3661 1267 3704 curennocsr.
1289 3677 1324 3690 -
1342 3648 1395 3706 Sed

813 3715 921 3769 Pilutus
943 3713 1043 3771 ridens
1064 3715 1168 3773 Christi
1190 3716 1394 3788 innocentiam,

813 3787 842 3840 et
852 3785 1018 3843 ludaeorum
1034 3785 1173 3844 malitiam
1186 3786 1394 3862 impellentium

812 3856 848 3912 ad
863 3871 924 3913 rem
939 3856 1079 3928 illicitam,
1095 3863 1123 3915 et
1136 3875 1273 3918 mcusans
1287 3862 1397 3920 crucib-

812 3941 880 3998 gere
895 3931 1004 3999 lesum,
1021 3929 1091 3986 dicit
1110 3932 1149 3986 eis
1164 3950 1173 3987 ε
1189 3931 1318 4004 Accipite
1335 3950 1394 3990 eurr

174 4000 250 4058 cium
265 3999 370 4056 ducere
384 3997 577 4054 maledictum.
593 3998 710 4066 Verum,
726 4001 758 4054 ut
812 4015 870 4063 uos,
880 4005 906 4056 et
917 4003 1077 4072 mdfipite,
1091 4001 1216 4072 quisine
1230 4019 1318 4061 causa
1331 4021 1395 4063 con-

174 4071 242 4129 dicit
255 4071 396 4131 ltobanus,
411 4066 503 4124 ludaei
517 4067 653 4148 demorte
665 4071 757 4139 pessi·
813 4069 945 4128 saevistis
955 4071 1124 4130 innocentes
1135 4075 1394 4146 condemnare;coo

174 4159 221 4202 ma
245 4139 421 4214 cogitabant,
440 4141 488 4195 sed
511 4153 529 4194 a
554 4139 683 4207 Domino,
699 4153 757 4196 non
813 4145 885 4198 enim
899 4159 953 4200 oon
967 4146 1077 4200 inuenio
1091 4147 1122 4200 iu
1136 4159 1166 4201 eo
1180 4162 1301 4212 cuasam,
1319 4148 1393 4205 sciri·

167 4211 395 4288 intelligentibus
407 4209 461 4272 eis.
473 4208 564 4266 electa
577 4219 649 4266 erat.
662 4211 756 4282 lpsam
813 4219 858 4272 cet
870 4214 1067 4285 crucifigendi,
1082 4221 1110 4273 et
1124 4215 1212 4274 dandi
1230 4217 1317 4276 talem
1331 4235 1394 4278 sen·

170 4288 248 4348 eninr
262 4298 385 4344 erucemv
403 4279 518 4340 diabolo
533 4288 680 4354 superato,
694 4287 757 4340 erat
813 4285 942 4345 tentiam.
963 4288 1068 4346 Verum
1094 4286 1165 4347 dixit
1188 4289 1306 4360 mlum,
1326 4291 1395 4366 quir

168 4366 314 4435 umquam
323 4355 484 4430 tropheum
495 4351 524 4411 in
539 4351 680 4410 frontibus
689 4351 758 4412 bdo·
813 4357 942 4416 Christus
961 4363 1106 4433 peccatum
1122 4377 1177 4418 uon
1194 4363 1271 4434 (eod,
1291 4379 1340 4422 rrae
1353 4366 1396 4420 iu-
