3104 5034
538 431 540 436 ’
589 427 627 480 ot
656 427 880 483 rearecosrt.
1310 441 1355 494 aas

164 561 181 612 9
196 539 319 595 Homrttts
330 551 468 592 maenas
480 551 536 593 uort
550 552 619 594 soar
629 535 716 594 Srmr·
771 532 920 590 tolleretur
937 535 974 592 ab
992 535 1048 606 ois;
1063 542 1094 596 tu
1113 542 1191 600 carni
1208 548 1274 616 tute,
1290 561 1354 618 qum

124 625 177 668 ros
203 611 301 667 Seacrr
320 625 445 664 cereces.
465 637 498 648 -
516 611 605 664 Erunt
624 613 715 664 auten
771 603 886 662 sordide
899 610 953 673 est,
966 611 995 664 et
1008 606 1184 671 diversarum
1204 617 1354 688 spurcitia.

125 685 157 738 tr
179 682 332 738 Jerusalem
356 679 521 735 habitantes.
545 680 636 736 tudae·
659 682 716 735 virt
771 691 833 733 rum
855 676 1015 746 phantasiis
1034 683 1152 754 repleta,
1173 687 1307 746 astrictus
1326 695 1356 748 et

125 749 715 822 religiosi,etpraetcrillosmultialiilere
770 746 999 820 concludamus,
1030 752 1109 811 illum
1140 759 1354 818 veracissimum

125 841 162 882 ea
175 825 251 880 omni
262 825 374 898 notione
388 839 448 904 pua
463 824 514 878 sub
528 825 592 880 coelo
604 829 656 890 est,
671 839 716 879 su·
771 817 907 901 Spiritum
919 825 947 875 te
957 835 1038 891 posse
1049 829 1291 901 onmesnotpere,
1301 830 1354 888 nisi

125 893 343 966 pervenientess
358 909 424 964 quta
438 892 533 950 multis
547 893 716 967 captivitati·
771 893 832 946 istis
841 890 1003 950 carnalibus
1012 897 1255 960 consolationibus
1264 901 1357 960 lundi-

125 967 181 1025 bns
194 967 283 1024 Judael
301 964 421 1038 dispersi
437 965 560 1034 luerent,
573 972 601 1022 et
618 966 714 1035 modo,
771 962 1359 1032 tusrenuntiaretentereris‘illeverecum

126 1039 280 1095 ordinante
293 1039 359 1102 Deo,
369 1037 405 1093 sd
416 1035 492 1094 diem
504 1041 604 1094 testum
615 1053 715 1094 omnes
770 1033 919 1116 inceperis,
928 1034 1043 1096 tristitia
1057 1038 1187 1114 implebit
1199 1060 1249 1102 cor
1259 1050 1356 1115 tuum;

126 1114 329 1167 convenerant.
346 1107 449 1165 Audito
468 1124 537 1182 ergo
559 1109 585 1166 lr
622 1125 672 1167 ore
687 1114 715 1166 et
770 1105 831 1174 sed,
852 1121 875 1161 st
903 1112 1138 1177 perseveraveris,
1167 1114 1282 1173 tristitia
1310 1123 1360 1175 tua

126 1197 200 1240 sono
214 1178 303 1248 renti,
319 1177 367 1251 qui
383 1195 469 1252 supra
488 1195 603 1238 coenacu
618 1196 664 1238 um
685 1179 714 1238 in
770 1181 952 1235 convertetur
974 1181 1004 1236 in
1025 1183 1171 1250 gaudium.
1187 1189 1264 1246 Tunc
1280 1187 1359 1246 enim

125 1269 196 1310 aere
220 1256 366 1316 sonuerat,
384 1249 413 1306 in
433 1257 544 1308 tantum
568 1254 644 1323 quod
664 1267 716 1325 per
770 1247 940 1331 purgabitur
952 1250 1078 1316 allectus.
1090 1265 1120 1314 et
1134 1258 1265 1316 voluntas
1278 1275 1359 1317 reno.

125 1331 216 1382 totam
232 1325 381 1382 Civitatem
398 1322 491 1379 audiri
509 1330 630 1394 poterat,
646 1339 714 1381 con·
770 1321 894 1388 rabitur,
905 1321 948 1378 rel
962 1339 1035 1380 nova
1047 1327 1205 1398 creabitur;
1219 1335 1247 1387 et
1259 1329 1315 1388 erit
1325 1335 1358 1388 ut

126 1401 268 1454 venerunt
282 1410 381 1451 omnes
395 1396 431 1450 ad
446 1393 612 1467 discipulos,
622 1401 650 1453 et
664 1394 714 1452 mi·
770 1407 833 1474 quse
848 1393 927 1464 prius
941 1393 1079 1466 diflicilia,
1095 1398 1153 1457 irno
1172 1401 1358 1474 impos-thilia

125 1467 182 1524 rati
200 1471 275 1524 sunt.
291 1469 546 1524 Foetnoutemltoe
563 1485 635 1534 once,
655 1483 715 1524 coa·
771 1463 952 1532 videbantur,
979 1483 1042 1524 cum
1070 1471 1160 1528 multa
1190 1477 1359 1542 percurrant

125 1541 202 1596 uenit
212 1539 362 1596 multitudo
376 1544 402 1594 et
414 1543 502 1594 mente
516 1542 632 1608 contuso
651 1545 691 1596 est
705 1557 714 1594 e
771 1534 923 1593 dulcedine
937 1538 1154 1598 clauditatem
1167 1543 1229 1601 haec
1243 1547 1360 1601 deaur-

127 1614 259 1684 queniam
276 1610 408 1666 audiebat
418 1615 609 1682 uuusquisque
620 1613 716 1680 linqua
771 1609 832 1665 dus.
845 1605 875 1664 Si
887 1623 956 1674 ergo
969 1608 1173 1671 delectationes
1185 1614 1302 1687 spiritus
1312 1616 1360 1673 de-

126 1699 180 1740 sua
194 1684 257 1738 illos
272 1683 446 1753 loquentes...
460 1684 523 1738 Atio·
540 1688 630 1738 nutem
648 1685 716 1738 irri-
771 1678 891 1748 sideros,
900 1679 1104 1762 delectationes
1120 1687 1214 1744 carnis
1224 1703 1360 1759 respuere

128 1755 224 1811 dentes
237 1753 454 1822 eos,dicebont:
473 1754 545 1821 Ouio
559 1761 649 1810 musto
660 1756 714 1825 ple·
771 1750 869 1819 debes,
890 1765 965 1822 quta.
983 1759 1014 1810 ut
1037 1755 1078 1812 nit
1096 1757 1245 1824 Gregorius
1265 1778 1274 1815 ε
1299 1781 1314 1812 o
1330 1757 1359 1816 Si

128 1829 161 1882 ai
174 1831 239 1881 suat
252 1827 315 1894 isti,
331 1823 357 1880 id
373 1830 417 1881 est
429 1825 614 1883 vehementer
631 1824 715 1894 ebrii,
770 1825 848 1878 cerni
864 1821 1011 1892 quodlibet
1029 1826 1233 1896 abscindimus,
1250 1845 1314 1888 mox
1330 1830 1360 1887 in

153 1896 201 1954 uie
216 1896 306 1953 multo
318 1896 516 1954 vehementior
536 1905 580 1954 est
592 1895 716 1954 ebrietas
770 1893 871 1964 spiritu
884 1895 959 1965 quod
969 1895 1269 1960 delectatitrrenimus.
1279 1923 1294 1953 »
1304 1901 1361 1960 Sed

130 1913 167 2026 ἕο
180 1973 282 2036 musto,
295 1983 379 2039 quam
393 1972 428 2024 de
442 1967 508 2024 vino
521 1969 668 2026 detersio.
683 1969 716 2024 m
771 1965 843 2022 heui
862 1965 942 2033 'rauci
961 1974 1027 2024 sunt
1042 1970 1207 2042 spirituales
1222 1973 1318 2042 hodie,
1331 1977 1360 2030 et

129 2037 260 2112 quamvis
277 2039 331 2096 hoc
348 2037 495 2096 irridendo
513 2038 652 2107 dicerent,
668 2046 717 2096 ta·
771 2037 976 2094 delectationes
989 2039 1106 2111 spiritus
1122 2044 1360 2102 delectationibus

129 2127 196 2168 men
208 2126 306 2168 rerum
321 2115 397 2177 erat;
412 2110 478 2180 quia
490 2127 549 2168 non
564 2110 630 2168 vino
643 2116 717 2168 rele-
772 2112 868 2166 cernis
885 2109 1079 2179 praeferentes,
1094 2113 1161 2172 licet
1180 2113 1262 2172 multl
1279 2115 1360 2172 dele-

128 2181 166 2252 ri,
181 2182 257 2265 quod
281 2180 310 2237 in
336 2181 441 2252 nuptiis
466 2182 530 2252 luit,
548 2183 597 2240 sed
623 2189 716 2240 musto
772 2185 837 2238 rant
852 2179 980 2238 habitum
995 2181 1183 2253 spiritualem.
1406 2233 1409 2240 .

129 2251 716 2326 gratimspiritualiserantimpleti,dequo
811 2274 842 2308 ιο
872 2253 1041 2312 Senamonnrs
1075 2274 1186 2314 soniare
1216 2273 1296 2316 sicas
1327 2275 1360 2314 nr

131 2325 235 2383 dicitur
249 2323 316 2382 alibi
334 2341 341 2381 ι
358 2327 442 2382 Nemo
460 2328 548 2382 mittit
561 2330 657 2382 uiuum
671 2343 717 2382 nn·
772 2340 961 2381 coanrrtoues.
976 2355 1010 2370 -
1027 2329 1149 2387 Possunt
1167 2335 1262 2387 autem
1276 2327 1360 2399 spiri·

129 2413 194 2454 uum
215 2400 246 2453 in
265 2401 340 2452 utres
362 2402 473 2454 veteres.
492 2399 570 2454 Tunc
596 2403 718 2455 surrexit
772 2399 862 2453 tuales
876 2401 905 2452 et
921 2397 1050 2456 carnales
1063 2401 1207 2474 cognosci,
1220 2418 1251 2458 ea
1265 2399 1360 2458 verbis

131 2471 233 2526 Petrus
252 2483 315 2525 cum
335 2467 480 2536 undecim,
495 2470 649 2526 ostendens
669 2485 718 2526 eos
772 2465 908 2538 Apostoli.
922 2466 1042 2527 dicentis
1057 2488 1064 2527 :
1078 2475 1133 2541 oue·
1143 2473 1290 2531 seeundum
1301 2489 1360 2530 cor·

131 2557 189 2598 non
204 2539 310 2608 ebrios,
325 2555 390 2596 oum
409 2539 446 2596 sit
465 2541 537 2597 hora
550 2539 607 2606 diei
622 2539 716 2606 tertia,
772 2557 832 2596 nem
850 2545 924 2605 suat,
943 2557 1004 2611 qua
1018 2548 1110 2602 corais
1133 2551 1208 2610 suat,
1227 2547 1359 2617 sepiuat3

132 2617 162 2669 et
187 2611 311 2668 nondum
333 2619 447 2684 tempus
469 2612 648 2682 comedendi,
665 2628 718 2670 nec
773 2615 823 2683 qut
834 2627 897 2668 uero
911 2615 1059 2671 secuudum
1073 2621 1286 2688 spiritumque
1299 2617 1362 2686 Spi-

132 2684 262 2742 solebant
278 2681 414 2740 inebriari
429 2683 538 2756 jejuni;
555 2684 605 2742 sed
625 2684 719 2757 potius
772 2687 845 2740 ritus
859 2689 933 2746 suut.
950 2688 1252 2760 saltuatspeciattter
1265 2695 1363 2746 tamen

134 2754 240 2824 Spiritu
251 2755 354 2812 Sancto
365 2755 533 2823 repletoset
544 2772 645 2814 revera
655 2771 718 2830 pro-
774 2771 807 2812 ex
833 2754 1002 2826 quibusdam
1022 2761 1160 2828 probatur
1184 2761 1269 2816 bomo
1295 2773 1362 2816 rere

133 2828 282 2900 phetetum
301 2842 363 2883 esse
378 2842 395 2883 a
408 2827 470 2884 Joel
487 2827 609 2898 Spiritus
624 2826 719 2884 Sancti
774 2825 940 2896 spiritallis.
958 2829 1089 2886 videlicet
1109 2847 1116 2886 :
1135 2831 1159 2888 si
1183 2836 1240 2887 tam
1259 2829 1315 2886 cito
1335 2833 1365 2886 et

133 2899 285 2954 adrentum
301 2913 387 2970 super
405 2899 636 2956 reminescere
651 2913 719 2970 ergo
774 2903 886 2954 tantum
906 2897 979 2970 lugu
998 2897 1091 2956 locum
1110 2900 1159 2958 ubi
1184 2899 1248 2957 laedi
1270 2903 1365 2972 potest

134 2969 272 3038 Christus,
284 2968 333 3041 qui
351 2969 528 3036 ascenderat,
546 2970 622 3026 dedit
636 2970 720 3039 dorso,
775 2968 804 3025 in
820 2967 930 3040 spiritu,
948 2968 1021 3026 sicut
1036 2969 1084 3028 ubi
1100 2971 1205 3030 offendi
1224 2976 1319 3044 potest
1333 2969 1364 3028 in

134 3040 222 3123 idest
243 3040 378 3123 Spiritum
399 3043 534 3098 Sanctum
553 3042 719 3110 bominibus,
776 3054 914 3122 corporee
939 3045 967 3124 et
987 3040 1016 3124 'si
1041 3047 1099 3100 tam
1124 3043 1248 3101 libenter
1270 3045 1365 3100 studet

135 3113 720 3184 quoniamomnianostrabonadesursurn
776 3111 911 3168 medicari
925 3115 1047 3184 spiritui,
1062 3119 1135 3172 sicut
1154 3113 1279 3187 corpori,
1295 3111 1364 3186 quia

134 3189 273 3256 sunt,quo
284 3183 344 3256 ipse
355 3183 493 3241 ascendit.
507 3183 722 3256 Tuncimplevit
777 3188 886 3255 querito
903 3182 1017 3266 dignior
1038 3195 1081 3242 est
1096 3188 1213 3259 spiritus
1231 3201 1362 3256 corpore,

135 3257 209 3328 quod
221 3261 288 3312 ante
300 3255 466 3313 Passionem
483 3253 663 3326 promiserat,
676 3255 721 3312 di·
776 3259 856 3310 tanto
877 3269 968 3328 magle
992 3258 1149 3315 cavendum
1172 3262 1214 3314 est
1238 3254 1361 3329 spiritui,

135 3342 203 3384 ceos
219 3343 227 3382 t
244 3328 277 3384 Si
295 3343 343 3396 epo
365 3345 420 3384 aon
444 3328 547 3397 obiero,
565 3331 722 3384 Paracletus
778 3327 1269 3398 quemcorportalaesione.ltem,si
1282 3325 1363 3384 cibus

136 3415 190 3456 nou
207 3401 296 3454 ueniet
316 3399 354 3454 nd
380 3415 445 3468 uos3
462 3401 489 3456 si
511 3405 602 3456 eutem
618 3401 722 3467 obiero,
778 3396 943 3469 spiritualis,
959 3400 1019 3458 sire
1035 3399 1181 3468 sitoretio,
1194 3396 1362 3471 strepi-mdi-

136 3473 246 3527 mittom
255 3487 316 3526 eum
325 3471 364 3527 od
376 3469 470 3528 vos.Si
483 3471 562 3528 cerni
571 3471 725 3529 carnaliter
778 3467 863 3537 catio,
874 3468 932 3527 slve
944 3471 1030 3528 Sacra
1040 3470 1257 3544 Scriptura,sive
1267 3468 1362 3540 lectio,

137 3541 327 3610 adhaeserltis,
337 3557 456 3614 capaces
466 3541 583 3615 spiritus
599 3559 656 3600 non
671 3541 724 3600 eri·
779 3539 838 3598 sire
853 3541 962 3613 Corpus
974 3541 1089 3613 Christi,
1103 3543 1162 3600 sire
1176 3541 1303 3598 divinum
1319 3540 1363 3598 ol·

138 3612 185 3670 tis.
202 3614 307 3670 Sensus
324 3621 367 3670 est
387 3631 395 3670 ι
416 3614 477 3670 Non
500 3619 618 3684 potestis
640 3615 725 3687 plene
781 3611 886 3680 iscium,
906 3619 1018 3671 tautum
1035 3615 1158 3672 delectat
1176 3619 1204 3671 et
1223 3612 1367 3670 corilortat

138 3699 242 3757 capere
255 3683 402 3757 Spiritum,
413 3684 560 3755 quamdiu,
570 3687 726 3742 secundum
780 3683 922 3756 spiritum,
942 3684 1015 3743 sicut
1031 3685 1189 3759 corporalis
1204 3684 1284 3742 cibus
1298 3700 1369 3742 cor-

139 3772 267 3824 carnem,
283 3771 345 3814 sum
360 3755 522 3824 vobiscum
535 3757 609 3813 unde
620 3757 666 3814 rlle
679 3758 727 3828 qni
782 3771 834 3828 pus
846 3772 854 3824 ;
867 3762 897 3812 et
907 3755 930 3812 si
943 3765 1000 3813 tem
1011 3757 1115 3814 invitus
1129 3755 1247 3829 negligit
1258 3763 1370 3829 tempus

138 3828 198 3902 jam
213 3835 328 3900 ceperat
343 3827 560 3901 Spiritum,eit:
577 3831 613 3884 Et
625 3831 651 3884 ei
665 3845 728 3897 cop·
783 3827 837 3884 cibi
852 3825 1017 3908 spiritualis,
1033 3827 1228 3901 sicutternpus
1241 3825 1296 3884 cibi
1310 3843 1371 3885 cor·

140 3903 268 3956 novimus
282 3901 431 3956 seeundum
446 3917 555 3956 cornero
574 3902 727 3968 Gltrtstum3
784 3897 899 3970 pornlrs.
918 3899 1028 3968 itemst
1038 3906 1096 3957 tem
1106 3899 1229 3974 diligens
1240 3904 1285 3957 est
1295 3897 1372 3956 circa

143 3971 192 4027 sed
203 3987 274 4026 uuae
284 3971 346 4044 jum
360 3989 414 4028 nore
427 3970 623 4028 aestuosum
638 3977 729 4028 atten-
785 3967 930 4038 Spiritum,
949 3971 1021 4027 sicut
1045 3973 1132 4029 homo
1156 3969 1279 4028 carnalis
1296 3969 1373 4028 circa

144 4041 385 4100 dantcarnalibus
396 4041 546 4100 desideriis
559 4048 586 4099 et
601 4042 730 4100 delecta-
784 4057 909 4098 carnem.
929 4041 1047 4100 Solliciti
1063 4043 1140 4100 enirn
1155 4047 1222 4100 seint
1240 4041 1372 4100 homines

143 4113 269 4171 tionibus
285 4114 385 4183 dediti,
400 4116 517 4172 verbum
531 4115 668 4172 lteramdi
681 4113 731 4170 di·
786 4111 923 4179 carnalos,
940 4120 973 4169 ut
996 4114 1026 4170 in
1049 4115 1170 4188 singulis
1193 4113 1373 4197 temporibus

143 4189 232 4242 centis
246 4202 253 4242 ι
269 4207 283 4239 α
301 4185 330 4245 si
343 4185 469 4259 Apostoli
480 4189 557 4243 carni
573 4186 666 4243 adhuc
680 4187 732 4243 Do·
787 4185 911 4242 habeant
921 4185 1105 4244 necessitates
1115 4185 1244 4258 corporis
1255 4200 1284 4240 tn
1298 4183 1373 4240 rictu

143 4255 258 4314 minicae
272 4258 463 4326 adhaerentes,
474 4275 538 4327 uuae
549 4258 610 4315 sola
622 4267 731 4326 sancta,
787 4261 816 4313 et
827 4254 939 4328 vestitu,
951 4255 1043 4314 hieme
1058 4263 1087 4316 et
1100 4265 1199 4316 testate
1211 4260 1372 4338 compotem

143 4327 212 4402 quin
235 4328 331 4387 Sancti
355 4334 517 4387 sanctorum
536 4335 609 4400 erat,
625 4327 732 4402 Spiritu
787 4327 877 4396 tibns;
893 4327 934 4386 ile
952 4329 1107 4401 spiritualis
1128 4331 1213 4386 bomo
1226 4326 1373 4408 sollicitare

144 4401 248 4460 Sancto
277 4401 385 4475 repleri
411 4399 611 4474 nequiverant,
642 4401 732 4460 donec
788 4399 1051 4474 debet,quagratia
1064 4398 1190 4472 indigeat
1203 4397 1233 4455 in
1246 4395 1373 4455 adverst-

211 4495 277 4549 t'rra
286 4499 353 4551 issu
362 4498 481 4559 Cantent,
491 4498 639 4550 TonoslV.
1283 4500 1310 4550 ts
