3036 5042
380 445 421 500 un
448 447 642 514 illinitus,
671 449 702 502 itt
731 451 889 504 tissinrtu
918 451 1047 506 bulliit.
1298 455 1328 510 87

104 544 233 604 tionem:
259 553 287 606 ut
313 549 399 608 homo
426 552 686 684 Eacbgggaaplrsspppu

102 625 289 691 praeparatum
302 621 338 678 ad
354 623 414 680 hac

103 693 173 746 derit
185 691 239 749 boc
251 694 382 820 expedire
393 695 429 752 ad
443 700 490 754 Dei
503 698 641 756 honorem
657 703 685 756 et

102 762 232 820 Ecclesiae
241 765 280 820 uti
294 765 407 835 itatem;
419 767 491 825 alias
504 775 599 826 autem
612 787 681 828 nan.

101 831 135 890 Et
150 833 205 890 boc
225 837 363 895 Dominus
380 839 515 910 servani,
531 841 579 913 qui
598 857 683 916 para·

101 909 145 986 tus
154 911 216 962 erat
228 908 298 966 dure
310 909 395 966 aliam
407 912 562 983 maxillam,
574 913 597 969 si
612 930 684 984 opus

100 975 208 1044 luisset,
226 981 410 1051 percutienti;
426 987 494 1054 quia
512 989 603 1041 tntum
619 1001 682 1042 cor-

100 1061 150 1118 pus
164 1065 247 1107 snum
262 1052 354 1124 poenis
364 1055 683 1129 acerbissimispraebuit

101 1127 137 1202 'et'
152 1121 300 1202 occisioni.
322 1126 382 1180 lniu
400 1126 554 1198 aliquando
570 1128 683 1200 expedit

100 1194 302 1274 injuriantibus
311 1199 494 1269 respondere,
504 1199 540 1256 ad
553 1197 681 1272 ipsorum

101 1269 128 1344 et
142 1263 264 1322 aliorum
286 1265 514 1337 instructionem,
531 1270 603 1328 sicut
617 1271 682 1329 iacit

102 1333 144 1388 bic
158 1336 301 1407 Christus,
318 1345 346 1396 et
359 1345 389 1396 nt
400 1339 429 1398 in
444 1343 561 1400 Actibus
578 1343 682 1412 lepitur

104 1405 221 1486 Bauius,
236 1415 265 1466 et
281 1410 435 1482 aliquando
449 1413 534 1470 etiam
552 1417 624 1470 lactu
639 1431 682 1472 re·

101 1483 208 1549 sistere,
225 1497 262 1538 ne
279 1481 363 1539 detur
377 1484 488 1540 occasio
502 1485 605 1556 agendi
621 1502 680 1543 ma-

101 1547 135 1630 le.
155 1551 200 1608 Sic
227 1569 298 1626 crgo
318 1555 461 1612 excusatio
485 1557 608 1626 Domini,
626 1574 682 1630 qua

101 1633 138 1702 sic
149 1625 307 1694 respondit,
318 1627 396 1683 utilis
410 1627 446 1684 ad
462 1628 680 1686 instructionem

100 1691 158 1748 luit.
176 1695 207 1750 Et
229 1697 327 1754 multis
342 1697 405 1754 altis
421 1699 552 1756 convitiis
575 1699 681 1758 ibidem

101 1761 169 1846 iorte
182 1783 246 1823 cum
257 1769 426 1839 alleceruut,
435 1771 470 1829 de
483 1771 681 1845 quibnsEvan·

100 1837 204 1906 gelista
220 1845 328 1898 tacent.

132 1911 229 1968 stin
244 1929 407 1970 nocnuanrs
436 1932 469 1970 rur
486 1933 681 1974 anneiznmonn

102 1979 205 2051 Domni,
224 2003 310 2044 nctus
327 1998 601 2044 conronunrionisar
612 2007 680 2045 onii-

100 2067 150 2108 rio.
164 2085 198 2094 —
216 2057 255 2112 Ea
274 2057 327 2114 hoc
346 2057 465 2114 articulo
482 2059 679 2133 alapizationis

100 2123 236 2184 habentur
260 2129 317 2185 tria
343 2131 524 2188 documenta.
552 2131 679 2188 Primum

99 2201 149 2262 est,
162 2213 228 2279 quia
240 2201 375 2258 Christus
387 2217 438 2274 pro
451 2202 535 2260 nobis
544 2203 679 2276 alapizaci

100 2267 238 2332 intuitui
256 2287 310 2328 uos
324 2288 375 2329 ora
395 2279 493 2331 nostra
514 2291 679 2348 compesca-

100 2354 168 2407 mus,
183 2358 218 2399 ne
234 2345 306 2415 quid
325 2350 426 2401 contra
441 2345 567 2404 divinum
590 2351 679 2404 hono·

99 2425 155 2467 rem
165 2413 372 2486 loquamnr;et
382 2415 562 2486 ctiam,utad
573 2419 679 2476 honum

100 2479 270 2564 loquendum
286 2488 329 2544 ael
352 2489 494 2560 agendum
514 2489 678 2558 excitemur,

99 2563 167 2612 sicut
181 2557 340 2630 aliquando
352 2561 455 2632 aliquis
466 2561 632 2633 percutitur,
648 2567 679 2618 ul

99 2640 114 2682 a
138 2633 252 2701 torpore
280 2631 426 2690 excitetur.
455 2662 489 2674 -
517 2633 679 2690 Secundum

99 2703 148 2768 est,
164 2709 192 2757 nt
204 2707 233 2758 et
253 2718 308 2758 nos
323 2703 466 2760 discamus
481 2703 509 2760 in
523 2703 636 2776 injuriis
651 2709 678 2761 et

99 2773 275 2830 contumeliis
296 2774 379 2832 nohis
400 2774 487 2832 illatis
509 2775 677 2848 patientiam

99 2841 198 2902 habere
236 2843 398 2902 imitatione
420 2847 542 2915 Domini,
570 2849 618 2918 qni
647 2847 676 2904 in

99 2913 147 2995 hac
163 2915 326 2988 specialiter
336 2918 495 2988 exemplum
506 2935 616 2991 magum
628 2934 677 2990 pa·

99 2988 201 3044 bentiaa
218 2989 353 3046 dianatus
381 2999 423 3046 est
441 2989 522 3046 nobis
538 2991 675 3060 praebece.

99 3057 209 3138 Disicut
225 3061 356 3117 Christus
370 3061 469 3118 eadem
484 3067 565 3118 nocte
577 3077 677 3118 omnes

99 3129 238 3210 illusiones
255 3139 284 3188 et
304 3132 501 3199 verecundius,
520 3134 556 3189 ab
571 3131 677 3204 iniquis

99 3199 147 3257 sibi
171 3205 269 3272 lactas,
297 3204 439 3276 patienter
461 3204 609 3264 sustinuit:
637 3207 677 3262 sic

98 3270 178 3330 homo
200 3275 389 3332 contumelias
412 3282 442 3333 et
463 3275 628 3348 opprobria,
643 3292 677 3333 ac

99 3349 285 3422 conclamata
299 3345 329 3403 in
344 3347 447 3416 uerbis,
463 3363 514 3404 sen
532 3347 624 3416 tactis,
639 3349 676 3406 ab

100 3417 266 3494 importunis
280 3417 443 3476 hominibus
460 3419 513 3476 sihi
530 3418 609 3476 illata
625 3434 676 3488 pa·

98 3489 196 3566 tienter
208 3493 282 3546 terat
296 3505 394 3546 amore
406 3489 448 3546 sui
467 3489 675 3562 Redemptoris,

99 3557 197 3639 similia
208 3561 676 3634 etmultomaJ'oraprnpteripsum

98 3630 236 3710 patientis.
251 3661 285 3674 -
300 3632 426 3690 Tertium
445 3639 499 3698 est,
515 3635 591 3704 quod
605 3649 676 3690 con·

96 3698 154 3756 eilia
174 3703 344 3770 Evangelica
364 3720 420 3760 non
437 3719 550 3774 semper
564 3709 676 3776 oportet

96 3785 204 3830 serrare
229 3775 266 3832 ad
292 3775 427 3842 litteram,
453 3776 503 3832 sed
522 3775 676 3847 aliqnando

98 3845 247 3902 secundum
262 3845 351 3904 animi
367 3845 618 3920 praeparationem,
648 3851 676 3902 et

99 3917 214 3972 manime
237 3918 284 3976 ubi
302 3920 337 3975 de
352 3919 407 3976 boc
422 3935 455 3976 ex
476 3917 556 3975 lactis
571 3917 675 3975 Christi

100 3989 126 4039 et
145 3988 311 4046 Sanctorum
333 3988 566 4047 inlormationem
588 3990 675 4047 babe-

99 4059 675 4118 musetauctoritatem.-Adcontocmnn

99 4127 163 4208 dnm
178 4147 207 4186 se
222 4131 574 4204 huicacticnlnm,potccit
589 4133 674 4188 bomo

98 4199 263 4274 sibimetipsi
279 4206 346 4260 dare
369 4204 482 4276 alapam
500 4203 676 4260 moderatam

98 4269 132 4326 ad
150 4275 410 4344 representanduin
429 4275 542 4348 alapam
562 4274 675 4342 Christi,

99 4353 147 4424 pro
164 4347 294 4402 omnibus
312 4346 406 4403 verbis
425 4345 483 4403 suis
502 4343 612 4416 otiosis,
631 4345 676 4402 vel

100 4417 181 4471 etiam
203 4416 298 4488 pravis
317 4423 345 4475 ei
365 4417 520 4490 mendosis,
536 4423 565 4477 et
581 4433 675 4490 ocare,

745 553 844 613 dicens
859 573 866 612 :
882 559 956 620 lesu,
977 559 1027 628 qni
1045 556 1081 612 ab
1097 557 1185 614 Anna
1199 561 1327 618 ministro

741 629 810 684 cadi
824 631 909 702 alapa
924 631 1049 692 uoluisti,
1069 628 1107 684 da
1121 631 1202 694 mibi,
1223 647 1325 702 quase,

739 703 862 768 aratiam
884 706 1048 772 tuamque
1066 716 1109 756 me
1134 717 1152 756 a
1177 705 1226 758 tua
1242 701 1326 760 laude

739 787 889 844 numquam
908 787 1012 828 cessure
1027 774 1129 843 saciat,
1147 777 1172 830 et
1186 773 1222 830 ab
1239 777 1326 834 otioso

738 858 861 900 secmoim
876 850 1038 915 compescat.

774 920 790 982 d
807 917 895 972 ansn
907 933 1070 973 cascianum
1079 933 1184 973 conans
1196 918 1325 976 Douinuu

738 1003 826 1044 conari
850 991 953 1044 Cileni
978 1004 1108 1044 anonim.
1136 1019 1171 1032 -
1186 991 1224 1046 Et
1249 991 1327 1046 misit

737 1073 805 1122 eam.
831 1061 929 1116 lesum
948 1059 1056 1115 scilicet
1073 1061 1172 1116 Annas
1195 1061 1325 1130 lipatum,

736 1129 815 1201 qnasi
834 1145 915 1186 reum
930 1135 958 1187 et
971 1137 1062 1187 morte
1078 1129 1208 1202 dignum,
1223 1131 1325 1202 etjam

736 1217 833 1258 coram
848 1217 879 1258 se
894 1205 1126 1272 condemnatum,
1138 1203 1176 1258 ad
1189 1203 1325 1274 uaipnam

734 1274 903 1343 Pontificem,
928 1277 995 1346 qnia
1016 1273 1120 1332 Christi
1148 1273 1324 1332 examinatio

735 1343 931 1417 principaliter
960 1344 1123 1416 pertinebat
1152 1345 1189 1402 ad
1217 1345 1323 1418 ipsum,

735 1417 784 1471 ubi
798 1433 897 1473 omnes
917 1419 1092 1486 sacerdotes,
1108 1415 1137 1474 id
1156 1423 1201 1474 est
1221 1417 1324 1490 princi·

737 1503 785 1558 pes
799 1489 991 1556 sacerdotum,
1007 1495 1036 1545 et
1050 1489 1165 1556 Scriba,
1179 1487 1206 1544 id
1218 1494 1261 1545 cst
1275 1490 1323 1546 Le-

736 1559 877 1632 pispeciti,
898 1566 924 1616 et
951 1562 1081 1622 seniores.
1103 1561 1130 1616 icl
1151 1565 1195 1617 est
1210 1560 1323 1634 Judiccs

736 1630 886 1700 ordinarii,
902 1637 1082 1688 conuenerant
1104 1631 1140 1688 ad
1155 1630 1321 1688 examinan-

736 1701 803 1760 dum
820 1701 973 1772 Christum,
989 1709 1017 1760 et
1025 1701 1226 1786 judicandum,
1244 1711 1270 1759 ot
1285 1703 1321 1760 ad

736 1777 916 1832 tractandum
929 1776 964 1832 de
979 1774 1069 1846 ipsius
1081 1773 1321 1832 condemnatione

735 1851 764 1902 et
777 1851 877 1902 morte.
892 1847 962 1904 Cum
979 1851 1074 1903 antem
1095 1845 1230 1902 Dominus
1272 1861 1323 1904 ra·

735 1917 989 1974 senlatncconcilio
999 1861 1323 1988 malignantiumafrer·

735 2005 796 2045 snm
812 2005 888 2056 eum,
904 1988 945 2045 illi
960 1987 1040 2060 quasi
1054 1989 1099 2045 leo
1116 1989 1158 2044 rel
1170 1988 1270 2058 victur,
1288 2003 1322 2046 ex

733 2061 848 2128 cultant,
862 2071 945 2133 capta
962 2059 1067 2132 pcaeda.
1080 2062 1156 2116 Bene
1172 2065 1253 2131 potes
1266 2076 1320 2116 co-

735 2130 826 2204 gitare
840 2147 928 2260 gnam
942 2131 1015 2188 male
1027 2146 1091 2187 enm
1101 2137 1280 2214 receperunt,
1292 2137 1322 2188 et

736 2217 839 2274 qusimo
860 2219 876 2260 o
894 2202 955 2260 sine
975 2203 1084 2258 bonore
1100 2201 1172 2258 lortn
1197 2218 1225 2258 in
1244 2206 1321 2258 terra

736 2273 830 2331 viliter
846 2289 942 2331 coram
958 2272 1026 2346 ipsis
1052 2273 1153 2330 sedere
1180 2272 1318 2330 lecerunt.

734 2349 831 2402 Petrus
848 2351 938 2402 autem
951 2345 1117 2416 sequebatur
1133 2360 1204 2414 eum,
1219 2359 1252 2401 ex
1268 2345 1319 2402 de·

735 2415 848 2474 votione
865 2423 894 2473 ct
913 2432 1022 2485 amore,
1038 2414 1167 2488 quamvis
1189 2433 1206 2472 a
1228 2419 1318 2486 tanae,

735 2495 851 2560 propter
864 2487 995 2546 timorem
1005 2503 1012 2557 3
1022 2503 1107 2561 quem
1123 2486 1199 2544 cuim
1215 2485 1319 2545 cacitas

734 2561 876 2631 trahebat,
887 2560 973 2618 timor
988 2560 1167 2630 retrahebat;
1179 2565 1206 2616 ct
1222 2565 1319 2618 tamen

734 2631 774 2688 sic
787 2631 1012 2760 peruenitcnp'ue
1022 2635 1052 2688 in
1064 2633 1168 2688 atrium
1180 2633 1318 2704 principis

733 2705 955 2760 sacedotumln
983 2703 1316 2772 oc,secunctnmlieclam,

734 2775 856 2832 maxima
872 2775 955 2832 nobis
970 2780 1013 2832 est
1027 2771 1216 2832 admiratione
1231 2789 1317 2831 rene·

735 2848 852 2916 raudus,
868 2845 1105 2918 uuodDominum
1117 2861 1173 2902 non
1190 2843 1315 2918 reliquit,

733 2917 820 2976 etiam
835 2933 899 2975 curn
915 2917 1038 2974 timeret.
1058 2919 1093 2974 lit
1113 2919 1255 2984 dicaremus
1272 2918 1316 2972 tn-

733 2995 786 3058 tro,
802 2989 910 3046 scilicet
932 2988 961 3045 ln
977 2987 1069 3062 ipsum
1093 2987 1209 3057 atrium,
1232 2987 1318 3045 doctu·

733 3065 794 3117 ctus
809 3077 860 3134 pec
872 3059 1018 3118 ostiariam
1031 3057 1163 3116 similiter
1175 3065 1204 3116 ut
1219 3074 1317 3132 supra,

732 3131 773 3188 sic
787 3133 899 3188 sedebat
917 3149 977 3188 cnm
993 3132 1132 3187 ministris
1148 3131 1186 3186 ud
1199 3145 1316 3202 prunas,

733 3206 801 3267 riute
822 3207 916 3272 (ripas
936 3207 1006 3272 mat,
1024 3201 1096 3258 sicut
1117 3201 1190 3258 solet
1208 3215 1271 3258 esse
1287 3199 1316 3258 in

733 3289 831 3331 meuse
847 3273 962 3340 martio,
975 3279 1039 3345 post
1052 3271 1174 3330 mediam
1185 3277 1315 3340 noctem;

732 3351 762 3401 ut
772 3349 852 3416 mem
863 3343 969 3415 negotii
984 3343 1137 3411 viclarensi
1152 3342 1220 3414 quid
1241 3342 1315 3400 Pon·

732 3417 753 3473 ti
769 3419 810 3473 t'es
821 3419 854 3473 de
870 3414 991 3472 Domino
1004 3413 1154 3486 judicaret.
1172 3415 1315 3486 Principes

732 3495 824 3544 autem
838 3488 1010 3544 sacerdotnm
1024 3491 1049 3542 et
1064 3501 1142 3542 amne
1156 3487 1314 3556 concilium,

733 3558 800 3632 quia
811 3575 907 3616 verum
918 3555 1112 3616 testimoninm
1124 3556 1315 3616 invenirenon

732 3637 874 3704 poterant,
893 3631 1052 3702 querebant
1072 3631 1178 3698 sotium
1198 3631 1315 3686 testimo·
1336 3675 1340 3682 .

732 3699 1315 3774 ntum,procurandutestesetsubnrnandn

732 3779 763 3830 ut
775 3791 836 3830 eum
849 3777 931 3830 morti
945 3773 1095 3830 traderent.
1115 3775 1151 3830 in
1165 3789 1219 3828 non
1233 3773 1315 3828 inne-

731 3851 841 3910 nerunt,
855 3843 930 3902 unde
940 3859 1005 3901 eum
1017 3849 1162 3916 tamqnam
1175 3847 1265 3900 morte
1276 3841 1316 3900 di·

732 3932 819 3988 gnum
835 3931 932 3972 coram
943 3915 1035 3972 Pilato
1047 3931 1179 3974 accusare
1191 3919 1317 3987 possent,

731 4005 792 4044 cum
806 3989 888 4043 multi
900 3989 1060 4056 latsitestes
1074 3987 1152 4044 adid
1167 4001 1318 4057 procuran-

732 4059 798 4116 dum
816 4061 1007 4126 accessissent3
1024 4073 1146 4130 quocum
1161 4059 1318 4114 testimonia

731 4132 922 4188 conuenientia
943 4147 997 4186 nnn
1016 4135 1105 4192 erant.
1116 4137 1146 4186 et
1160 4128 1201 4186 sic
1215 4131 1319 4198 deleca-

731 4208 797 4259 rnnt
810 4205 964 4259 enatantes
988 4203 1133 4268 scrutinio,
1148 4203 1263 4256 mentita
1278 4201 1318 4254 cst

732 4273 809 4330 enim
826 4275 965 4344 iniquitas
979 4274 1035 4328 sibi
1050 4291 1058 4328 s
1076 4279 1105 4328 ut
1125 4269 1226 4328 mulier
1241 4270 1317 4326 Puti-

733 4343 830 4417 pbacis
857 4345 997 4402 adversus
1024 4343 1207 4424 losepb,·ot
1233 4354 1318 4422 senes

732 4416 869 4475 adversus
890 4417 1062 4486 Susannam,
1086 4425 1220 4486 quoniam
1241 4425 1317 4484 ignis
