2974 5040
316 495 356 550 bl
383 493 507 557 sexul,
534 491 567 548 tlt
595 491 758 549 resaluta
785 493 919 550 DOMINI.
1195 493 1240 549 tut

14 613 38 672 ii
53 613 148 670 Filius
174 613 233 672 liei
246 627 284 680 es,
302 612 434 670 descende
460 613 494 670 de
510 627 598 670 once.
655 615 684 668 el
705 611 899 672 considerasse
914 627 952 672 an
965 611 1095 672 Christus
1111 610 1238 686 aliquam

14 685 144 744 Similiter
164 690 194 742 el
213 687 355 758 principes
374 685 600 744 sacerdotamil·
654 685 795 742 merulam
818 687 927 760 peccati
945 687 1074 744 baberet.
1091 684 1171 742 Unde
1191 683 1235 741 di·

14 758 130 813 indentes
144 774 209 814 cum
226 757 342 824 Scribis,
362 757 391 814 id
407 762 451 814 est
466 758 599 826 Lenisue·
655 756 770 828 scipulis
782 759 809 814 in
825 774 906 816 coena
920 759 1032 816 dicebat
1048 773 1055 813 s
1069 759 1152 814 Venit
1164 757 1236 814 enim

14 827 77 896 ritis,
98 833 126 884 el
155 830 325 888 senioribus.
349 829 376 886 id
398 833 440 886 θεῖ
456 827 600 900 iudicibus
651 831 781 902 princeps
794 830 891 886 mccndi
911 830 1004 898 balius,
1020 830 1047 885 id
1066 832 1110 886 est
1129 832 1239 886 amale-

14 899 179 970 ordinariis,
191 901 333 968 dicebant,
345 902 382 958 ed
392 899 600 958 elternlntmir·
654 916 718 958 rum
743 900 854 970 muudi,
872 901 981 959 scilicet
1001 901 1152 958 adversum
1177 915 1235 964 me.

14 971 128 1029 ridendo
143 988 150 1028 ε
167 972 252 1030 Altos
269 973 359 1028 sulcos
372 974 449 1042 lecit,
461 979 489 1029 el
500 972 600 1044 titique
622 913 625 1053 ι
653 973 746 1028 sedin
761 989 803 1028 me
816 989 870 1030 nen
885 975 965 1030 babet
978 973 1143 1046 quidquam,
1159 971 1236 1043 quod

14 1059 61 1100 arn
74 1043 600 1116 spiritualiterquemcorporaliter,se
653 1043 690 1100 ad
710 1060 740 1101 se
764 1045 914 1116 pertineat.
931 1047 965 1102 Et
988 1043 1116 1114 quamvis
1131 1059 1232 1118 peeca-

14 1117 112 1172 solonm
123 1117 230 1186 fedol,
241 1113 271 1172 id
286 1121 329 1172 est
342 1115 524 1188 semetipsum
539 1129 599 1187 suu
654 1119 713 1172 tum
725 1131 782 1172 non
791 1117 920 1188 baberet,
934 1121 961 1174 ct
972 1115 1036 1174 ideo
1048 1116 1132 1173 morti
1144 1113 1235 1173 obno-

14 1185 401 1316 llb‘lllitllblill
413 1189 598 1316 ‘bittit
653 1185 1236 1330 iliillidentibuslllb

16 1329 39 1386 id
54 1333 96 1386 est
109 1329 161 1388 Dei
178 1329 281 1389 Filius.
299 1331 378 1390 Unde
391 1301 465 1390 beda
483 1350 492 1388 ε
508 1349 522 1384 n
538 1333 598 1387 lmo
654 1330 798 1404 subjecit:
820 1332 877 1388 Sed
903 1336 934 1388 ut
951 1303 1099 1402 coenoseal'
1119 1329 1239 1386 mundns

14 1415 41 1456 se
56 1401 164 1458 saluum
192 1403 290 1460 iacere
317 1401 352 1460 de
371 1417 455 1462 cruce
478 1403 597 1460 descen·
654 1403 817 1474 quindiltqe
830 1406 981 1474 Patrensi
994 1407 1066 1460 sicul
1076 1402 1239 1458 mandatnm

16 1472 102 1530 dendo
116 1473 223 1542 noluit,
242 1472 312 1544 quia
332 1473 393 1542 inse
415 1479 458 1532 est
472 1473 598 1532 Christus
654 1475 732 1532 dedit
755 1477 826 1531 mibi
844 1477 936 1539 Peter,
961 1477 1001 1532 sie
1021 1477 1107 1544 facio,
1132 1471 1240 1530 scilicet

16 1542 61 1600 Dei
76 1543 195 1604 electus.
212 1547 287 1602 Nam
311 1545 360 1617 qui
380 1545 452 1604 ideo¹
464 1545 552 1614 venii,
568 1551 600 1602 ul
654 1561 707 1618 pro
726 1545 891 1604 hominibus
905 1545 1065 1604 moriendo.
1082 1543 1239 1602 Considera

15 1615 153 1682 oronobts
168 1617 400 1686 cruciiieeretur,
414 1617 479 1676 idco
495 1623 599 1674 semet·
655 1617 740 1676 modo
760 1617 827 1687 quid
852 1617 881 1674 in
897 1617 1017 1676 aliorum
1034 1615 1109 1676 exitu
1124 1616 1238 1674 daemon

18 1685 102 1756 ipsum
118 1687 232 1746 salvare
249 1689 286 1746 de
301 1705 384 1748 crure
399 1688 599 1748 descendendo
655 1689 731 1760 lacit,
747 1688 795 1762 qtri
809 1695 909 1748 rantra
923 1689 1015 1764 ipsum
1029 1688 1127 1746 muudi
1144 1687 1238 1746 Solva·

18 1757 150 1844 neglexit3
167 1759 238 1834 qrria
260 1777 324 1819 cum
346 1759 449 1818 celeris
466 1765 599 1832 peccalo·
655 1764 745 1818 torem
763 1765 794 1818 et
810 1763 963 1820 Dominum
988 1761 1084 1820 venire
1099 1775 1238 1833 praesum-

19 1827 100 1896 ribns,
114 1836 199 1890 elram
209 1831 336 1904 illosqui
348 1849 412 1890 eum
422 1831 598 1896 crucifixere.
655 1832 720 1906 psit.
732 1832 811 1891 Unde
822 1833 862 1892 ait
873 1834 1020 1904 &ceorles
1030 1852 1038 1889 ε
1048 1856 1063 1886 c
1074 1831 1238 1891 Curandum

21 1899 122 1984 salvare
133 1903 290 1962 moriendo
299 1904 418 1962 curarit.
428 1925 443 1958 s
455 1903 600 1962 Etiterum
656 1903 740 1962 nobis
760 1909 814 1973 θεῖ,
838 1909 866 1960 el
887 1921 951 1962 cum
975 1903 1088 1974 magnis
1111 1901 1239 1976 quotidie

20 1969 145 2030 dicebant
161 1977 268 2034 :Alios
280 1978 374 2034 salnes
387 1979 466 2046 fecit.
478 1979 600 2048 seipsum
656 1975 771 2034 lletibus
784 1975 977 2046 cogitandum,
993 1991 1078 2046 uuam
1095 1991 1197 2039 saerus,
1211 1977 1239 2032 el

20 2057 67 2098 non
83 2049 171 2115 petest
185 2049 299 2104 soleam
313 2051 415 2117 facee.
434 2047 514 2105 Unde
529 2049 600 2104 ilie-
656 2063 741 2118 quern
768 2045 906 2106 terribilis
929 2063 981 2105 sua
996 2047 1026 2104 in
1052 2047 1136 2104 nobis
1152 2061 1239 2118 opera

20 2129 140 2184 mynias
165 2137 175 2176 .·
204 2118 333 2178 «Ellam
361 2121 493 2176 nolentes
514 2117 601 2176 conit-
655 2117 816 2192 requirens,
833 2117 862 2176 in
879 2118 925 2175 die
943 2119 1034 2176 nostri
1055 2117 1146 2176 exitus
1161 2116 1238 2189 prin-

21 2187 107 2266 lenlur
129 2189 238 2250 Scribas
259 2197 287 2248 et
308 2189 456 2256 Pharisaei.
475 2189 550 2263 quod
573 2205 601 2248 e·
656 2205 721 2262 ceps
735 2190 822 2263 hujus
836 2189 935 2248 mundi
951 2191 1056 2260 venial,
1071 2187 1095 2246 si
1107 2187 1239 2246 etiamad

24 2254 69 2312 lios
93 2259 184 2319 salvos
210 2263 326 2322 iecerit.
348 2283 363 2317 n
387 2265 486 2334 ltaque
505 2266 602 2318 vestra
655 2263 744 2320 Deum
763 2263 892 2319 incarne
914 2259 1083 2318 morientem
1107 2257 1196 2329 uenit,
1211 2263 1240 2316 et

22 2341 65 2408 ros
85 2332 261 2392 condemnat
276 2333 428 2392 sententia.
443 2333 495 2403 Qui
522 2332 601 2391 enim
656 2333 685 2390 in
701 2331 750 2390 illo
772 2331 879 2400 alicuid
906 2331 1047 2406 qcraesirit‚
1062 2330 1093 2390 in
1114 2347 1169 2403 quo
1191 2331 1238 2386 in·

26 2395 87 2482 altos
100 2401 191 2462 salvos
207 2407 289 2476 lecit,
305 2407 416 2478 utique,
426 2405 451 2464 si
467 2405 561 2474 uellet,
574 2407 603 2462 et
655 2406 755 2462 venire
770 2403 840 2462 nibil
862 2405 964 2478 potuit.
979 2405 1063 2464 Prius
1080 2419 1149 2460 vero
1173 2417 1238 2458 eum

25 2482 136 2550 seipsum
155 2491 277 2536 serrare
306 2481 428 2548 poterat.
446 2479 481 2536 El
496 2477 601 2536 iterum
656 2475 685 2534 iu
705 2476 852 2534 miraculis
871 2477 960 2535 Decem
988 2478 1172 2548 cognoverat,
1188 2473 1239 2531 sed

25 2537 143 2602 dicebant
159 2563 167 2604 ε
181 2550 215 2607 Si
231 2565 287 2607 ren
302 2551 390 2608 lsrael
404 2553 453 2612 est.
470 2565 527 2606 non
542 2545 602 2621 qui·
657 2547 692 2606 de
709 2545 871 2620 cognitione
897 2565 949 2607 sua
968 2547 1005 2606 ed
1031 2545 1239 2630 dubitationem

28 2624 145 2686 cumque.
168 2621 217 2677 sed
246 2620 366 2678 Messias
391 2620 549 2692 promissus
569 2617 601 2678 in
657 2619 900 2690 cecidil‚quando
923 2621 1000 2678 buno
1041 2619 1186 2678 assibrlem
1198 2633 1239 2673 m-

27 2679 99 2754 ῑθεθ,
117 2687 271 2766 sicutipse
294 2691 407 2752 dicebat
433 2693 467 2750 de
492 2707 533 2760 se,
553 2691 601 2747 de·
657 2691 699 2750 dit
714 2709 722 2748 z
739 2712 753 2754 o
769 2692 831 2748 baec
845 2693 1002 2763 decentius.
1018 2635 1050 2749 fn
1075 2705 1159 2748 cruce
1171 2703 1239 2816 ergo

27 2757 124 2838 scendet
144 2778 216 2821 nune
243 2763 382 2832 deense,
398 2767 429 2822 ut
454 2762 602 2820 rideamus
657 2769 802 2836 tamquam
822 2761 1007 2836 indesinens,
1023 2763 1181 2836 captusest
1216 2777 1240 2816 1·

30 2825 122 2884 scillcet
136 2831 274 2894 virtutem
294 2833 395 2909 ipsius,
409 2834 476 2908 ucria
491 2833 539 2892 alii
555 2850 601 2892 re·
657 2834 759 2892 ebolus
773 2841 801 2892 et
815 2835 915 2892 virttis.
937 2835 1017 2892 Unde
1037 2835 1213 2902 denuntians
1228 2851 1238 2888 c

30 2909 71 2980 ⁸5³⁸
84 2915 135 2958 nen
148 2911 272 2978 possunt
286 2905 356 2964 talia
368 2907 482 2974 iaceres
499 2911 525 2964 et
542 2922 600 2962 cre-
660 2925 671 2958 c
689 2908 751 2978 Ipsa
767 2911 859 2964 morte
874 2907 977 2964 Christi
995 2909 1038 2962 est
1053 2905 1183 2962 diabolus
1197 2901 1240 2958 ri-

30 2963 108 3026 damus
119 2976 208 3040 ei,sed
219 2977 447 3048 mentiebantur,
457 2977 600 3036 dicentes:
658 2981 739 3046 ctus;
756 2982 901 3050 tamquam
918 2977 949 3034 in
967 2976 1124 3050 muscipula
1143 2989 1239 3032 escam

31 3035 163 3102 Credimus.
179 3049 263 3108 Unde
280 3049 348 3108 dicit
366 3049 441 3108 idem
460 3051 602 3119 Hierony·
658 3048 941 3121 errepil.bluscipula
952 3047 1069 3116 diaboli,
1081 3045 1238 3128 cruberi-

31 3122 81 3166 nus
96 3131 104 3170 ε
119 3137 132 3167 u
147 3119 340 3180 Fraudulenta
354 3120 515 3196 promissio.
531 3119 602 3188 Quid
658 3118 1237 3194 sti;esraquecaperelur,m0rsllomin1.n

35 3185 70 3233 est
82 3183 151 3244 enim
165 3191 226 3262 plus
248 3193 283 3249 de
302 3209 386 3251 cruce
400 3191 542 3250 viventem
556 3189 604 3248 de·
695 3212 724 3249 er
748 3193 896 3250 Porsenna
921 3193 1042 3261 Cnnrsnr,
1060 3207 1116 3247 nnn
1130 3205 1239 3246 unnrnn·

37 3254 164 3330 scendere‚
178 3277 213 3320 an
229 3263 268 3322 de
284 3264 434 3338 sepulchro
455 3267 602 3322 mertuum
657 3279 720 3332 nun,
737 3281 917 3322 uocuunnrnu
930 3281 1038 3320 sxrsrrs
1053 3276 1240 3318 tnnrrstorunus

35 3331 191 3411 resumeret
202 3337 236 3394 lit
252 3334 417 3398 resurrexit.
429 3341 456 3392 et
470 3351 529 3392 nun
544 3349 602 3392 cre·
657 3351 690 3392 nr
700 3352 808 3392 enarro.
824 3366 857 3377 -
867 3332 1150 3392 Elilerumsimiliter
1163 3333 1240 3402 prin·

39 3389 94 3450 dmi
106 3413 147 3468 0¹3
170 3419 237 3476 ergo
262 3406 374 3466 etiamsi
395 3407 433 3464 de
455 3422 537 3463 cruce
554 3405 603 3462 de·
657 3409 730 3479 cipes
746 3407 916 3464 sacerdotum
933 3403 1080 3462 illudentes
1093 3402 1238 3460 dicebant:

38 3469 172 3558 incederit,
187 3475 320 3538 simililer
341 3495 399 3536 non
425 3476 547 3535 credetis
562 3473 600 3536 ei.
657 3477 775 3550 Confldit
789 3481 819 3536 in
838 3481 903 3544 Deo,
925 3479 1022 3535 liberet
1035 3493 1117 3536 anne.
1132 3477 1158 3531 si
1178 3474 1239 3530 uult

39 3531 84 3614 Sed
97 3543 159 3602 mibi
180 3547 294 3608 ridetur
316 3550 371 3608 hoe
386 3551 530 3606 demones
550 3549 601 3606 im·
657 3549 1092 3617 eumJtinilenimsostiaFilins
1107 3549 1237 3628 Deisnns.

38 3609 249 3694 mittereslatim
261 3620 338 3680 enim
350 3625 382 3679 ut
395 3619 602 3678 crucifixusest
656 3620 743 3692 Quasi
764 3620 890 3679 dicerent
907 3639 915 3680 c
932 3621 960 3680 Si
982 3635 1081 3678 verum
1101 3617 1180 3702 dicit,
1199 3617 1237 3674 ln·

39 3671 168 3762 Dominus,
185 3697 337 3752 senserunt
350 3691 484 3751 virtutem
499 3691 599 3762 crucis,
655 3693 833 3752 horationem
849 3709 957 3752 suarna
972 3695 1030 3750 lieo
1040 3690 1137 3748 statim
1149 3705 1187 3746 rm
1210 3704 1237 3745 e·

41 3747 62 3798 el
86 3755 275 3822 intellexerunt
305 3763 408 3822 tractas
436 3779 500 3822 esse
526 3761 601 3820 vires
654 3763 753 3832 trabit,
771 3763 839 3837 qrria
851 3769 934 3838 pater
950 3764 1021 3820 tilios
1033 3763 1155 3822 libenter
1169 3705 1237 3818 lige·

41 3827 110 3876 luas·
124 3833 150 3883 sl
162 3829 212 3892 boc
227 3839 317 3909 agunt
336 3839 369 3894 ut
392 3835 428 3894 de
449 3849 532 3892 cruce
554 3833 602 3891 de·
655 3839 710 3893 ret.
723 3836 880 3894 illudebant
895 3840 985 3894 auten
1000 3837 1026 3892 et
1039 3839 1065 3892 et
1078 3835 1181 3890 milites
1193 3848 1238 3888 ae·

41 3864 151 3967 dilabi,
173 3918 208 3962 ne
229 3906 336 3964 iaceret
365 3906 488 3989 salutem
515 3920 600 3976 quam
655 3907 779 3964 cedentes
797 3923 886 3979 prope
908 3923 1021 3964 crucem
1042 3921 1173 3978 corpore,
1188 3903 1239 3961 scd

42 3959 212 4050 inchoaverat.
225 3977 279 4036 Sed
292 3977 431 4036 Dominus
445 3977 600 4035 screusad·
655 3979 738 4050 longe
764 3979 930 4036 recedentes
952 3983 1057 4048 mente,
1079 3983 1105 4034 et
1133 3981 1238 4034 acetum

41 4037 210 4112 versariorum
240 4048 370 4114 insidias.
396 4051 549 4124 permonet
573 4047 601 4106 in
656 4051 798 4134 offerentes
817 4052 853 4120 ei,
873 4049 980 4108 seilicet
996 4053 1107 4123 posteo,
1123 4047 1237 4122 quando

43 4103 161 4220 Eiubllb
184 4123 213 4174 112
237 4119 382 4182 diabolum
403 4121 535 4182 destruat
555 4135 562 4176 ε
583 4139 599 4171 n
656 4119 726 4178 dixit
743 4138 750 4178 :
768 4120 849 4191 Silio,
865 4127 891 4178 et
906 4123 1044 4180 dieentes:
1059 4123 1091 4179 Si
1104 4125 1134 4178 iu
1146 4137 1174 4177 es
1187 4133 1238 4176 ren

61 4183 94 4228 ³⁰
104 4179 283 4259 Hieronymus,
654 4193 820 4261 ludaeorum,
832 4191 906 4252 sicut
916 4191 1020 4264 dixisti,
1028 4193 1136 4250 saluum
1146 4193 1235 4260 letae.

75 4261 103 4301 ²⁰
116 4251 245 4320 Dunense
260 4281 348 4324 sueno
359 4281 462 4322 cnncsu
478 4281 602 4322 srnrrsss
656 4264 792 4323 sciliceta
806 4269 898 4323 merle
908 4265 1068 4324 liberando.
1084 4263 1106 4322 0
1122 4260 1234 4344 minerii

47 4321 142 4380 inemo,
163 4357 195 4412 Τ
211 4333 315 4394 Tamen
344 4335 373 4394 in
400 4335 490 4395 Tobia
516 4351 603 4408 super
656 4338 690 4394 ut
701 4339 760 4394 Rex
774 4338 951 4410 indecorum,
966 4336 994 4394 id
1006 4341 1050 4394 ost
1061 4333 1239 4392 credentium

49 4392 233 4480 tlsntemtrone
261 4406 345 4480 piscis
370 4408 475 4477 lenitur
498 4407 603 4466 daemo-
655 4407 784 4466 inlisum
799 4425 921 4482 eumque
936 4405 1136 4466 confitentium
1149 4405 1241 4472 esl‚et

50 4461 214 4534 lensiense
237 4493 323 4554 super
335 4479 484 4538 brachium
498 4478 601 4550 crucis,
657 4495 687 4536 se
706 4479 816 4539 salvum
835 4482 951 4550 tacerel,
970 4479 1005 4536 de
1025 4493 1108 4536 eruce
1122 4475 1241 4534 deseen-
