3104 5034
443 309 627 364 tutututlo
653 309 745 366 LIBRI
775 311 813 364 tl
840 311 1001 365 stultum
1029 309 1119 364 utut.
1346 307 1389 360 dil

707 495 836 554 ORATIO

195 642 315 704 Domino
336 645 402 702 lesu
420 641 540 712 Christe,
555 641 625 699 mibi
652 640 746 726 fragili
762 639 896 711 concede,
916 643 949 698 ut
972 639 1048 698 inter
1066 639 1193 698 diversas
1211 637 1299 712 hujus
1324 637 1390 696 vitae

158 715 322 776 dulcedines
332 730 452 788 corpore
466 713 573 786 vivens,
589 720 684 771 mente
697 731 727 770 rn
742 713 885 770 internum
897 712 1079 782 descendam,
1096 717 1125 770 et
1141 727 1242 784 poenas
1256 715 1389 783 peccato-

157 789 236 848 ribus
252 791 363 859 paratas
376 785 558 844 considerans
574 793 603 843 et
618 785 769 856 meditans,
786 785 876 859 magis
896 783 1017 842 sollicita
1033 786 1188 856 apeccatis
1212 797 1390 846 caveamus

157 859 282 918 moriens
300 858 366 916 illuc
382 859 564 928 descendere,
580 865 608 915 et
622 874 723 941 poenas
737 857 814 930 ipsas
829 855 950 938 experiri
966 856 1133 939 compellar.
1150 858 1192 938 Da
1204 853 1292 938 etiam
1305 852 1388 922 mibi,

159 931 287 1001 Domine,
300 929 376 988 inter
387 931 491 988 multas
505 931 589 1004 hujus
602 936 668 988 vitae
682 929 886 988 amaritudines
899 927 1002 986 divinae
1016 927 1159 986 dulcedini
1174 927 1298 996 rubuere,
1312 929 1340 982 et
1352 925 1388 982 ad

159 1007 295 1062 aeternam
321 1000 526 1060 beatitudinem
550 1003 694 1075 suspirare
717 1001 832 1074 illicque
851 1008 976 1059 mentem
994 1005 1110 1069 tenere;
1125 1005 1155 1058 et
1169 999 1212 1056 lac
1228 1003 1260 1056 ut
1275 1011 1390 1080 semper

157 1075 211 1133 tibi
224 1075 395 1146 adhaeream,
409 1073 480 1131 nihil
500 1081 604 1147 praeter
622 1081 650 1132 te
664 1073 790 1146 diligam,
806 1073 877 1131 nibil
900 1087 1039 1146 quaeram,
1065 1072 1137 1129 nihil
1154 1070 1242 1129 etiam
1265 1073 1391 1142 cogitare

158 1145 366 1221 concupiscam,
375 1153 404 1206 et
415 1145 456 1205 sic
468 1147 584 1207 tandem
594 1146 632 1205 ad
642 1153 670 1205 te
685 1149 775 1204 Deum
789 1150 819 1205 et
829 1147 983 1204 Dominum
997 1142 1277 1220 meumperveniam.
1286 1143 1388 1201 Amen.

613 1459 751 1537 CAPUT
778 1461 946 1536 LXXXIX

487 1675 648 1728 coucuuslo
670 1677 748 1726 unat
770 1677 809 1724 ΕΤ
829 1675 966 1726 statmo
986 1677 1067 1724 utum

198 1891 209 1926 t
224 1870 378 1925 Pmounmo
391 1882 532 1924 rumonus.
541 1894 577 1910 -
589 1864 682 1923 Habes
694 1863 745 1937 igi·

159 1944 206 1998 tur
219 1956 252 1997 ex
283 1937 407 1996 raedictis
421 1937 509 1995 vitam
523 1936 636 1995 Domini
653 1938 744 1994 nostri

157 2013 224 2070 Jesu
245 1955 360 2080 CEristi,
380 2011 622 2082 qualitercumque
639 2007 746 2066 descri-

157 2088 247 2158 ptam,
263 2089 292 2141 et
305 2098 357 2156 pro
372 2098 478 2153 magna
492 2087 571 2154 parte
587 2080 747 2138 meditatio·

158 2154 243 2213 uibus
268 2153 321 2212 tibi
346 2153 495 2222 traditam;
509 2153 540 2209 in
561 2169 627 2226 qua,
643 2157 672 2210 ct
695 2169 747 2225 per

160 2243 255 2300 quam,
275 2241 327 2282 nos
352 2225 473 2283 miseros
500 2224 620 2282 miritice
644 2241 745 2282 conso·

159 2299 243 2356 lan'do
258 2299 376 2367 relevet,
387 2302 415 2354 et
429 2313 507 2369 spem
521 2295 604 2354 nobis
619 2302 747 2369 peccato-

158 2369 237 2428 ribus
252 2385 387 2441 maguam
403 2370 520 2441 praebet.
534 2371 604 2426 Nam
619 2385 671 2440 pro
685 2384 745 2440 pec-

158 2441 300 2500 catoribus
313 2447 356 2498 est
373 2439 548 2510 incarnatus,
563 2446 670 2498 etcum
683 2456 745 2512 pec·

157 2513 301 2572 caloribus
326 2513 448 2570 libenter
471 2517 672 2582 conversatus;
691 2528 743 2584 pro

157 2587 224 2658 ipsis
245 2583 331 2644 ctiam
349 2584 380 2640 in
395 2589 486 2641 morte
499 2600 599 2657 preces
613 2585 743 2656 tundere,

158 2663 186 2715 et
199 2657 316 2714 tandem
333 2673 384 2729 pro
402 2655 508 2714 talibus
526 2656 598 2713 mori
621 2672 678 2712 non
702 2659 745 2712 est

157 2729 337 2801 dedignatus.
355 2729 449 2786 Habes
462 2728 566 2801 quippe
581 2727 742 2785 meditatio-

158 2816 227 2858 num
253 2799 443 2873 spiritualium
474 2799 678 2868 semluarium,
711 2816 744 2856 ex

158 2871 260 2946 quibus
285 2871 314 2928 iu
332 2876 360 2928 te
388 2871 476 2928 divini
504 2873 610 2928 amoris
635 2871 744 2927 tructus

157 2943 272 3002 uberior
285 2942 394 3000 oriatur
409 2947 437 3000 et
452 2948 582 3000 crescat:
599 2947 630 2999 ut
648 2943 744 2999 uredi-

156 3016 226 3074 tetio
249 3015 383 3072 allectum
397 3013 508 3084 excitet,
528 3015 648 3071 allectus
669 3013 744 3070 desi-

156 3086 268 3145 derium
289 3085 392 3159 pariat,
411 3086 585 3144 desiderium
604 3086 744 3158 lacrymas

157 3163 323 3231 extorqueat
338 3175 345 3214 :
361 3164 392 3216 ut
406 3157 463 3214 siut
476 3157 529 3214 tibi
543 3159 676 3232 lacrymae
687 3162 743 3215 tuae

157 3246 246 3314 panes
265 3231 310 3286 die
327 3245 361 3286 ac
380 3235 473 3296 nocta,
489 3231 580 3287 donec
605 3247 743 3303 appareas

157 3319 187 3360 1n
209 3306 360 3372 conspectu
378 3301 491 3358 Domini
510 3305 589 3372 lesu,
605 3309 633 3359 et
653 3301 743 3358 susci-

158 3373 246 3458 piaris
269 3375 306 3430 ab
322 3373 498 3444 amplexibus
520 3375 592 3447 epus,
610 3374 742 3456 dicasque

158 3446 238 3515 illud,
252 3445 329 3518 quod
344 3445 480 3517 scriptum
495 3446 580 3503 estin
597 3445 741 3503 Cauticts:

157 3519 278 3574 Dilectus
290 3533 365 3573 meus
379 3519 458 3580 milvi,
471 3523 498 3574 et
509 3534 556 3586 eqo
571 3520 680 3584 illia...
693 3521 744 3574 iu-

158 3595 199 3647 ter
211 3591 296 3646 ubera
308 3605 378 3657 meo,
390 3587 420 3644 id
434 3593 478 3645 est
495 3591 569 3644 iuter
580 3590 745 3646 affectiones

157 3676 248 3731 meas,
259 3661 478 3717 commorabitur.
491 3660 571 3718 Uudc
580 3660 619 3717 ait
629 3665 744 3718 Bernar-

158 3734 210 3790 dus
226 3753 235 3788 :
251 3731 323 3789 «Sit
341 3731 432 3788 dulcis
456 3735 484 3787 et
506 3733 601 3788 suavis
627 3731 742 3789 allectui

158 3806 293 3862 Dominus
307 3811 408 3860 contra
423 3803 505 3860 malae
525 3805 623 3876 utique
647 3805 743 3861 dulces

159 3878 224 3932 vitae
251 3875 373 3932 carnalis
400 3875 568 3944 illecebram
598 3883 626 3931 et
648 3876 743 3932 vincat

159 3947 338 4004 dulcedinem
357 3947 487 4015 dulcedo,
504 3948 743 4020 quemadmodum

158 4019 270 4076 clavum
290 4019 385 4075 clavus
408 4020 523 4090 expellit
542 4037 549 4075 :
565 4039 580 4070 ο
597 4021 657 4076 haec
676 4023 742 4076 Ber-

158 4091 274 4148 nardus.
296 4089 410 4162 Suscipe
426 4091 521 4164 itaque
536 4097 699 4149 reverenter
715 4097 744 4148 et

158 4163 317 4236 gaudenter
330 4162 476 4234 praedicta,
492 4163 562 4220 etin
577 4165 618 4220 eis
636 4163 743 4221 versari

158 4251 217 4292 nou
232 4231 374 4307 pigriteris
394 4235 581 4293 sollicitudine
601 4241 630 4293 et
653 4235 744 4292 devo·

160 4305 239 4366 tione
251 4311 311 4365 tota
324 4322 332 4364 ι
344 4304 411 4380 quia
423 4307 485 4366 haec
497 4315 540 4367 cst
551 4307 610 4368 vita
619 4313 679 4382 tua,
690 4309 745 4366 hoc

802 1869 847 1924 est
859 1865 1076 1924 tundamentum
1091 1880 1178 1939 super
1192 1866 1268 1940 quod
1284 1869 1393 1940 poteris

802 1953 937 2010 magnum
951 1938 1103 1996 aediticium
1117 1943 1300 1998 construere:
1313 1943 1343 1997 et
1352 1941 1389 1999 ab

803 2011 856 2068 boc
871 2015 899 2066 te
921 2013 1034 2082 oportet
1052 2009 1188 2083 incipere,
1204 2011 1228 2068 si
1244 2011 1282 2070 ad
1301 2010 1389 2071 subli-

803 2081 895 2139 miora
908 2081 951 2138 vis
964 2081 1164 2139 conscendere.

838 2157 1034 2212 llaomamoms
1047 2171 1115 2210 vua
1130 2154 1240 2211 Cuntsrt
1256 2171 1387 2213 nuncupo.

803 2227 922 2283 —Nam
937 2229 997 2284 baec
1012 2224 1076 2282 vitae
1091 2228 1161 2284 Jesu
1178 2224 1282 2284 Christi
1296 2227 1388 2284 medi-

801 2296 1389 2370 tatio‚nonsolumpersedulciterpascit,

802 2369 853 2426 sod
872 2369 1006 2426 etiamad
1022 2369 1161 2442 majorem
1179 2369 1274 2428 cibum
1291 2374 1389 2428 trans-

802 2440 897 2497 mittit.
919 2443 984 2498 llaec
997 2443 1074 2498 euim
1090 2447 1157 2498 sunt
1170 2457 1235 2514 quaa
1254 2441 1391 2500 Dominus

800 2515 883 2570 lesus
902 2513 990 2584 gessit
1003 2512 1034 2570 in
1052 2529 1153 2584 carne3
1167 2514 1218 2570 sed
1236 2513 1320 2586 louge
1340 2529 1388 2571 su·

801 2584 916 2642 blimius
931 2589 975 2642 est
986 2601 1053 2642 eum
1068 2586 1096 2642 in
1109 2585 1210 2658 spiritu
1223 2583 1339 2655 intueri,
1349 2585 1386 2642 ad

801 2657 878 2729 quod
891 2673 942 2730 per
956 2659 1029 2714 banc
1041 2657 1147 2715 scalam
1159 2656 1266 2730 poteris
1280 2673 1386 2730 perve-

801 2732 874 2798 nire,
893 2728 988 2786 sedin
1006 2731 1061 2785 hac
1075 2729 1189 2786 interim
1209 2733 1321 2802 oportet
1334 2728 1388 2787 im·

802 2799 918 2857 morari.
935 2803 992 2856 Nec
1004 2804 1102 2858 tamen
1122 2800 1170 2873 qui
1188 2801 1226 2856 ad
1249 2802 1388 2872 majorem

801 2870 1071 2944 contemplationem
1085 2871 1252 2940 ascendunt,
1264 2873 1339 2929 hauc
1348 2871 1389 2929 di-

801 2943 913 3000 mittere
928 2942 1034 2999 debeut
1045 2958 1096 3015 pro
1108 2943 1170 3000 loco
1180 2947 1208 3000 et
1219 2958 1271 3015 pro
1281 2949 1388 3016 tempo-

800 3014 1387 3087 re,quiahocessetmagnaepraesumptio·

800 3086 844 3143 nis
857 3095 885 3143 et
897 3103 929 3144 su
951 3085 1048 3144 erbiae.
1063 3087 1142 3148 Unde
1155 3087 1323 3157 bernardus,
1337 3086 1385 3160 qui

800 3101 1006 3229 coutemeator
1032 3157 1186 3215 altissimus
1216 3157 1283 3228 luit,
1312 3159 1387 3216 banc

799 3245 956 3302 numquam
975 3229 1093 3301 dimisit,
1109 3234 1194 3303 prout
1208 3227 1339 3303 superius
1353 3229 1385 3287 in

799 3301 938 3376 prooemio
965 3300 1062 3358 videre
1084 3302 1147 3374 quis
1175 3303 1290 3375 poterit.
1318 3303 1384 3359 llaec

800 3373 904 3448 quippe
914 3373 1022 3431 dulcius
1031 3373 1202 3448 sapit,atque
1212 3371 1383 3433 fiduciamet

800 3445 1025 3503 consolationem
1051 3445 1142 3517 magis
1163 3444 1274 3503 tribuit.
1304 3443 1383 3502 Unde

799 3518 841 3575 ait
852 3519 999 3575 dussimus
1011 3537 1020 3573 ε
1034 3517 1386 3589 ‹tJesubone‚qt1alndul-

799 3590 840 3648 cis
855 3605 885 3647 es
899 3589 929 3646 in
942 3589 1027 3646 corde
1041 3589 1191 3661 cogitantis
1206 3589 1241 3646 de
1254 3594 1293 3658 te,
1308 3587 1387 3646 etdi-

800 3661 913 3734 ligentis
927 3669 965 3718 te.
981 3663 1015 3717 Et
1030 3667 1106 3717 certe
1121 3660 1228 3732 nescio,
1249 3662 1316 3732 quia
1332 3677 1385 3717 nec

821 3736 883 3790 leue
897 3749 959 3789 com
982 3731 1137 3790 rehendere
1148 3733 1239 3801 valeo,
1254 3732 1330 3789 unde
1343 3737 1386 3789 est

799 3749 876 3862 Boc:
897 3748 979 3877 quoX
994 3803 1104 3860 dulcior
1128 3821 1159 3862 cs
1175 3803 1205 3860 in
1220 3806 1305 3862 corde
1320 3803 1386 3874 dili·

800 3878 892 3960 gentis
915 3881 954 3945 te,
968 3873 998 3932 in
1014 3876 1140 3948 eoquod
1159 3891 1225 3934 caro
1242 3893 1284 3946 οο,
1299 3893 1385 3949 quam

800 3965 829 4004 m
841 3965 874 4004 eo
884 3949 959 4020 quod
971 3949 1104 4018 Verbum;
1113 3948 1224 4006 dulcior
1232 3948 1301 4006 ineo
1310 3949 1386 4020 quod

799 4020 925 4090 humilis,
941 4035 1027 4090 quam
1042 4021 1071 4076 iu
1094 4037 1128 4076 co
1144 4020 1221 4093 quod
1243 4019 1383 4078 sublimis.

801 4091 946 4164 Siquidem
960 4092 1044 4164 longe
1059 4091 1169 4150 dulcius
1179 4096 1222 4150 est
1238 4091 1383 4148 memoriae

800 4163 943 4236 diligentis
957 4168 995 4233 te,
1012 4163 1109 4222 videre
1121 4169 1149 4222 te
1165 4181 1199 4221 ex
1217 4166 1306 4221 llatre
1320 4162 1382 4244 Vir-

799 4237 865 4310 gine
891 4237 921 4293 in
947 4241 1075 4309 tempore
1100 4243 1214 4305 natum,
1244 4249 1328 4307 quam
1354 4249 1383 4290 tn

800 4307 999 4384 splendoribus
1014 4311 1184 4368 Sanctorum
1198 4311 1264 4366 aute
1284 4303 1383 4363 lucile-
