3104 5034
182 469 230 523 262
499 461 658 517 subdititia
686 463 803 518 alniis
830 465 931 519 tlibi
960 465 1103 518 lxxxiii

182 569 458 646 commemorande
467 573 508 628 est
517 572 767 645 congregationem

183 647 226 706 vel
246 645 411 704 societatem
431 645 608 702 Sanctorum.
633 645 683 702 Vel
702 645 766 703 sic:

181 719 267 777 oredo
281 725 309 774 et
321 723 451 774 sanctam
466 714 621 772 Ecclesiam
632 717 725 774 adhuc
737 717 766 774 in

180 793 266 848 terris
291 788 473 855 militantem,
494 793 523 844 et
541 787 626 844 credo
647 791 765 846 Sancto-

180 879 245 919 rum
270 859 513 927 communionem,
533 857 563 915 id
581 866 623 916 est
641 860 764 918 associa-

181 934 288 991 tionem
300 932 329 988 in
339 931 411 987 cocio
422 929 528 987 scilicet
539 947 601 988 esse
612 931 765 990 Ecclesiam

181 1005 414 1076 triumphantem.
430 1001 515 1070 Quasi
529 1001 635 1059 diceret
653 1021 658 1061 :
676 1002 765 1062 Credo

181 1081 331 1148 utramque
348 1072 512 1130 Ecclesiam.
529 1075 578 1130 Est
590 1080 684 1131 autem
700 1091 764 1132 san·

181 1153 228 1204 cta
238 1144 362 1203 Ecclesia
374 1144 404 1201 iii
414 1149 472 1202 ties
484 1143 594 1204 divisa:
610 1161 666 1202 una
681 1151 724 1203 est
736 1147 765 1203 in

181 1219 298 1288 mundo,
323 1231 387 1288 quae
407 1221 448 1272 est
468 1215 561 1274 adhuc
576 1215 606 1272 iii
621 1217 722 1275 timore
738 1225 766 1276 et

181 1290 409 1362 exspectatioue;
429 1286 486 1345 alia
502 1285 589 1344 estin
605 1289 687 1358 coelo,
703 1305 766 1360 quae

182 1367 226 1419 est
238 1359 298 1418 sine
312 1359 415 1416 timore
427 1363 456 1416 et
468 1361 690 1430 exspectationc3
708 1366 766 1418 ter-

180 1433 220 1490 tia
230 1433 568 1506 estinpurgetorio,quae
579 1431 672 1489 medio
681 1433 765 1490 modo

182 1504 326 1574 sehabet,
348 1504 415 1576 quia
436 1503 525 1560 estin
544 1504 765 1576 exspectatione,

179 1591 244 1634 cum
264 1577 356 1634 adhuc
375 1575 496 1648 gloriam
518 1581 688 1647 presentem
708 1593 766 1634 non

179 1649 315 1718 habeant,
332 1654 362 1706 et
374 1653 471 1705 tamen
493 1645 555 1704 sine
571 1649 683 1719 timore,
700 1650 766 1720 quia

177 1719 286 1777 habent
311 1719 433 1776 liberum
459 1719 609 1777 arliilrium
637 1719 666 1775 iii
691 1720 766 1776 hono

176 1801 387 1860 confirmatum.
399 1795 542 1854 habitudo
552 1802 660 1872 Graece,
668 1803 766 1860 Latine

176 1881 260 1932 sonat
279 1871 458 1936 universale:
478 1875 506 1928 et
523 1870 628 1930 dicitur
650 1874 763 1931 uuiver-

176 1945 243 2004 salis
258 1944 369 2002 duabus
384 1943 420 2002 de
435 1939 538 2012 causis,
555 1943 663 2002 scilicet
677 1963 683 2004 :
699 1945 766 2018 quia

177 2015 378 2075 universaliter
395 2015 551 2099 predicata
569 2032 622 2100 per
643 2023 766 2090 quatuor

176 2095 273 2164 partes
287 2093 383 2154 terrae,
401 2091 430 2144 et
443 2105 510 2161 quia
526 2089 660 2146 articulos
680 2091 766 2147 habel

177 2177 260 2218 ieros
286 2159 499 2229 universaliter,
526 2161 631 2233 quibus
656 2162 765 2219 nullum

177 2231 279 2290 laisum
301 2236 396 2306 potest
421 2233 552 2290 subesse.
570 2235 766 2290 lamissionem

176 2309 359 2377 peccatoram,
373 2305 401 2361 id
413 2307 457 2360 est
468 2305 553 2361 eredo
567 2305 766 2362 remissionem

178 2381 358 2446 peccatorum
371 2375 443 2444 ficri,
457 2375 563 2432 scilicet
573 2391 625 2448 per
638 2378 724 2432 Deum
737 2375 767 2432 iii

184 2447 328 2519 Baptismo
346 2445 461 2518 triplici,
477 2445 608 2504 scilicet:
629 2446 767 2512 huminis,

184 2521 213 2574 et
233 2515 368 2588 flaminis,
388 2522 416 2573 et
439 2515 595 2587 sanguinis,
619 2521 678 2574 sive
705 2525 769 2589 post

184 2587 362 2660 Baptismum
378 2589 406 2643 in
421 2586 598 2644 Poeuiteutia.
618 2619 649 2630 -
668 2589 768 2646 Sextus

184 2665 236 2728 est,
252 2659 368 2714 credere
387 2656 633 2715 Resurrectionem
653 2665 768 2716 mortu-

185 2743 277 2800 orum,
294 2727 342 2801 qui
359 2734 474 2786 notatur
487 2728 526 2786 ibi
542 2747 549 2787 :
564 2731 662 2788 cannis
675 2748 769 2788 rescir-

182 2803 338 2858 recti'onem.
357 2799 391 2858 lii
406 2816 463 2930 gua
477 2800 688 2860 resurrectione
701 2820 769 2860 cre-

184 2873 308 2932 dendum
327 2878 371 2930 est
396 2873 404 2928 i
426 2890 471 2930 em
494 2889 596 2948 corpus
616 2876 692 2948 quod
719 2891 769 2951 per

182 2951 303 3003 mortem
312 2945 424 3016 cecidit,
435 2947 472 3004 ad
482 2947 614 3004 eumdem
626 2947 768 3020 spiritum,

183 3016 211 3074 id
234 3023 277 3074 cst
301 3018 338 3074 ad
357 3019 488 3075 eamdem
510 3021 634 3076 animam
655 3019 768 3076 reditu-

183 3104 257 3145 rum.
273 3120 304 3131 -
326 3089 471 3162 Septimus
491 3094 534 3148 est
556 3091 699 3148 bonorum
720 3109 766 3149 re-

182 3162 354 3226 muneratio,
370 3163 422 3220 sub
444 3178 500 3234 quo
517 3163 769 3236 comprehenditur

178 3237 212 3296 „et
224 3233 364 3290 malorum
376 3233 498 3306 punitio,
514 3233 563 3306 qui
578 3242 694 3292 notatur
707 3235 747 3293 ibi
761 3258 767 3294 :

183 3305 278 3363 Vitam
288 3310 427 3362 aternam.
440 3305 524 3375 Quasi
535 3305 662 3364 diceret:
677 3307 767 3365 Credo

181 3377 268 3434 iilam
284 3385 432 3448 aternam,
447 3380 596 3449 praemium
608 3379 765 3437 bonorum:

182 3452 210 3504 et
224 3453 345 3507 mortem
358 3455 506 3518 aternam,
519 3449 690 3532 supplicium
706 3467 766 3508 ma-

180 3518 283 3578 lorum.
303 3521 338 3577 Et
355 3519 403 3578 isti
421 3527 481 3577 tres
496 3519 588 3576 ultimi
604 3519 716 3578 articuli
730 3523 767 3580 ad

180 3590 356 3649 divinitatem
369 3594 522 3664 pectinent,
537 3591 604 3664 quia
616 3608 668 3665 per
680 3593 767 3651 virtu-

179 3665 238 3744 tem
252 3663 406 3722 divinitatis
419 3664 451 3720 sit
466 3669 649 3737 peccatorum
663 3665 765 3722 remis-

179 3747 232 3804 sio,
258 3751 321 3805 quae
344 3740 387 3793 est
414 3735 518 3794 auimae
548 3735 714 3807 vivificatio,
737 3743 767 3794 et

178 3819 329 3876 corporum
345 3807 529 3873 resurrectio,
550 3813 644 3882 atque,
658 3825 765 3883 corpo-

177 3889 241 3931 rum
257 3879 339 3932 simul
355 3883 383 3934 et
397 3879 502 3936 animae
516 3879 698 3952 glorificatio.

213 3951 228 4002 5
251 3947 356 4004 Saarcu
373 3967 496 4006 suricum
521 3969 765 4010 manumissam

175 4017 285 4076 Camari
310 4037 485 4076 sinminrns.
514 4053 550 4065 -
576 4025 630 4080 hlii
656 4033 765 4097 septeni

177 4095 244 4146 sunt
258 4089 381 4160 articuli,
394 4108 440 4162 ciiii
458 4092 599 4160 pectinent
615 4097 650 4152 ad
667 4097 765 4154 huma-

176 4161 294 4220 nitatem
310 4161 423 4219 Christi.
446 4161 556 4220 Primus
579 4171 632 4234 est,
648 4171 765 4225 credere

175 4231 277 4291 Filium
288 4235 337 4292 Dei
351 4241 519 4305 conceptum
530 4235 618 4292 luisse
631 4239 665 4292 de
675 4237 763 4310 Spiri-

176 4309 206 4361 tu
217 4307 332 4381 Sanclo,
346 4307 393 4382 qui
406 4310 521 4362 notatur
535 4305 573 4363 ibi
585 4330 591 4365 :
605 4307 659 4376 Qut
670 4325 764 4365 conce·

173 4381 239 4448 ptus
249 4385 289 4446 est
302 4380 336 4446 de
350 4379 577 4452 SpicitnSoncto,
593 4377 621 4434 iit
638 4385 681 4435 est
696 4396 763 4452 ope-

176 4449 288 4508 ratione
298 4451 420 4524 Spiritus
434 4449 540 4510 Sancti.
554 4453 615 4510 Uuo
626 4450 702 4508 euim
718 4467 763 4510 eo·

824 573 945 646 demque
967 579 1113 632 momento
1129 575 1282 647 segregata
1295 569 1350 627 luit
1367 565 1412 625 illa

824 663 889 704 caro
908 651 1085 718 assumptae
1109 643 1221 717 reliqua
1239 657 1332 701 carne
1351 639 1411 698 Vh·-
1515 704 1518 717 Ι

823 717 908 790 ginis,
928 717 1093 791 operatione
1117 714 1238 801 Spiritus
1256 712 1370 794 Sancti,
1387 717 1413 767 et

823 793 951 847 animata
974 792 1068 846 anima
1095 787 1238 858 rationali,
1271 791 1301 844 et
1326 785 1413 842 deitas

823 861 903 918 unita
919 861 954 918 ei.
972 863 1052 917 Unde
1067 860 1147 932 illud,
1169 861 1203 916 de
1222 875 1283 916 non
1301 857 1413 914 denotat

824 934 1011 990 substantiam
1039 947 1132 988 causae
1165 929 1339 997 materialis,
1368 925 1414 982 sed

822 1003 917 1077 potius
933 1003 1091 1060 efficientis.
1117 1001 1250 1072 Quamvis
1267 1003 1350 1082 enim
1373 999 1416 1080 lii·

823 1076 949 1133 cornutio
960 1075 1020 1132 Filii
1031 1074 1067 1132 sit
1077 1090 1148 1147 opus
1160 1073 1246 1131 totius
1257 1072 1415 1138 Trinitatis,

824 1149 889 1220 quia
899 1149 973 1221 quod
987 1151 1122 1220 operatur
1133 1163 1190 1204 iiiia
1200 1156 1416 1226 personaope·

823 1225 923 1276 rantur
937 1223 965 1276 et
978 1235 1089 1287 omnes,
1106 1234 1139 1274 eo
1159 1219 1235 1290 quod
1246 1221 1321 1274 sunt
1342 1213 1416 1270 iudi-

823 1290 884 1348 iisa
895 1307 981 1364 opera
995 1288 1158 1360 Trinitatis3
1175 1294 1273 1346 tamen
1287 1289 1417 1360 ipsagra·

824 1362 864 1420 tia
890 1363 1045 1433 mediante,
1076 1378 1133 1446 qua
1159 1365 1264 1418 natura
1291 1361 1417 1416 humana

823 1433 923 1492 unitur
935 1441 1045 1492 naturae
1062 1433 1176 1502 divine,
1188 1437 1231 1489 est
1240 1433 1355 1488 donum
1370 1441 1416 1500 ap·

823 1505 1001 1578 propriolum
1017 1505 1133 1581 Spiritui
1146 1507 1265 1586 Sanct0;
1277 1499 1350 1583 quia
1359 1501 1417 1556 bac

823 1577 916 1650 gratia
929 1575 1246 1652 appropriateprocedit
1255 1590 1276 1631 a
1287 1575 1417 1654 caritate²

824 1652 883 1707 sive
899 1665 917 1707 a
933 1650 1109 1724 benignitate
1125 1646 1186 1718 Dei,
1209 1661 1274 1720 quie
1301 1647 1417 1724 Spiritui

825 1723 927 1779 Sancto
940 1723 1014 1780 bene
1025 1719 1226 1796 appropriatur
1241 1736 1247 1775 :
1263 1733 1328 1774 noo
1343 1727 1417 1796 enipi

825 1796 910 1864 Deus,
932 1795 960 1850 in
980 1799 1117 1863 quantum
1134 1793 1299 1874 potensest
1326 1785 1372 1842 vel
1390 1798 1416 1840 io

824 1873 962 1938 quantum
973 1870 1099 1938 sapiens;
1115 1861 1205 1921 sedin
1216 1857 1417 1934 quantumbo·

824 1955 877 1994 nus
890 1943 919 1994 ct
933 1937 1073 2010 benignus
1089 1941 1134 1994 est
1153 1939 1282 1992 nostram
1303 1930 1416 1989 redem-

823 2009 949 2083 ptionem
963 2015 1098 2083 operatus
1108 2013 1151 2065 est
1160 2022 1211 2080 per
1220 2005 1311 2062 Verbi
1324 2005 1415 2086 lucar-

823 2083 979 2139 nationem.
1008 2083 1042 2138 Et
1063 2079 1192 2152 tangitur
1213 2077 1260 2134 hic
1279 2078 1416 2133 nativitas

824 2151 927 2210 Christi
948 2155 976 2208 iii
1004 2159 1097 2222 utero,
1126 2150 1235 2207 scilicet
1253 2163 1314 2220 qua
1335 2151 1416 2202 natus

824 2229 867 2281 est
888 2225 924 2281 de
942 2224 1049 2298 Spiritu
1069 2226 1182 2281 Sancto.
1209 2252 1244 2263 -
1267 2215 1416 2304 Secundus

824 2303 877 2368 est,
894 2296 995 2354 Filium
1013 2297 1064 2354 Dei
1082 2301 1181 2352 natum
1198 2308 1231 2349 ex
1246 2293 1340 2348 illaria
1354 2287 1415 2346 Vir·
1450 2324 1457 2336 .

825 2369 902 2442 gine,
913 2367 961 2440 qui
977 2373 1093 2424 notatur
1105 2363 1159 2422 ibi:
1170 2367 1259 2424 Notus
1272 2378 1310 2418 ea
1324 2359 1415 2419 Morte
1522 2412 1523 2434 χ

824 2443 942 2510 uirptne,
957 2439 1066 2496 scilicet
1093 2435 1242 2494 nativitate
1267 2451 1302 2491 ex
1321 2437 1413 2490 utero.

825 2552 859 2564 -
874 2520 983 2578 Tertius
1000 2525 1054 2590 cst,
1071 2517 1174 2576 Filium
1190 2515 1241 2574 Del
1263 2531 1318 2589 pro
1336 2509 1415 2570 nobis

826 2597 969 2649 mortuum
987 2591 1017 2648 iii
1040 2607 1134 2660 cruce,
1154 2588 1202 2661 qui
1217 2593 1337 2644 notatur
1351 2582 1413 2642 ibi:
1521 2621 1523 2638 .

825 2667 928 2722 Passus
950 2665 1001 2721 sub
1017 2665 1113 2720 Pontio
1130 2663 1232 2729 Pilato,
1246 2659 1275 2716 id
1300 2662 1348 2715 est
1365 2651 1414 2712 sub
1521 2703 1522 2708 ,

827 2739 966 2808 potestate
981 2734 1064 2791 Pilati
1082 2731 1188 2800 Pontii,
1203 2732 1366 2801 muctam,
1381 2721 1413 2806 ad

827 2807 1056 2878 distinguendum
1072 2803 1238 2862 Passionem
1254 2801 1323 2884 Jesii
1340 2801 1413 2858 Chri·

827 2880 863 2936 sti
878 2895 895 2936 a
912 2877 1088 2952 passionibus
1102 2877 1234 2944 aliorum,
1252 2889 1301 2945 qui
1319 2872 1413 2954 inpa-

827 2949 923 3008 tibulis
934 2950 1145 3022 suspenduntur
1155 2955 1182 3004 et
1196 2946 1280 3002 citius
1291 2955 1413 3025 moriun-

826 3027 887 3092 tur;
906 3029 1040 3089 mortuus,
1057 3035 1126 3077 vera
1143 3023 1235 3076 morte
1251 3032 1301 3088 per
1315 3015 1413 3099 disso-

826 3093 964 3151 lutionem
979 3091 1083 3150 animae
1095 3108 1112 3150 a
1124 3105 1256 3164 corpore,
1265 3088 1413 3145 divinitate

826 3173 931 3222 tamen·
941 3181 1054 3238 semper
1077 3165 1235 3246 conjuncta·
1247 3161 1374 3232 utrique3
1389 3159 1412 3212 el

825 3240 959 3309 sepultus,
976 3241 1150 3306 nontamen,
1161 3235 1413 3310 utalii,coi·ruptus

826 3315 854 3367 et
868 3309 1048 3367 incineratus.
1061 3341 1096 3352 -
1110 3309 1245 3376 Quartus,
1254 3303 1355 3363 illium
1368 3304 1411 3359 [tei

826 3379 1004 3438 descendisse
1042 3381 1080 3438 ad
1115 3380 1230 3436 interos.
1258 3375 1410 3433 secundum

825 3452 963 3523 animam,
988 3453 1036 3525 qui
1056 3455 1173 3508 notatur
1186 3449 1226 3506 ibi
1243 3465 1251 3505 i
1271 3445 1412 3530 Descendit

826 3523 863 3580 ad
878 3525 993 3596 insons,
1021 3521 1168 3580 descendit
1182 3523 1294 3578 tantum
1308 3536 1339 3576 in
1353 3533 1410 3576 ani·

825 3611 872 3652 ma
887 3597 992 3652 deitate
1005 3595 1096 3666 unita,
1115 3591 1183 3666 quia
1198 3607 1301 3664 corpus
1317 3593 1346 3648 in
1370 3605 1410 3672 sq·

824 3665 943 3740 pulchro
958 3666 1075 3739 quievit,
1094 3665 1200 3724 deitate
1213 3663 1299 3720 etiam
1315 3653 1411 3744 cluiu-

826 3747 864 3796 ta.
881 3770 914 3780 -
929 3737 1166 3809 Quintusriiiuiii
1183 3734 1233 3792 Dei
1245 3747 1410 3794 resumens·

825 3825 866 3878 se,
881 3809 929 3882 qui
944 3816 1057 3867 uotatur
1072 3807 1112 3866 ibi
1127 3827 1134 3865 :
1150 3809 1243 3864 Tertio
1259 3808 1305 3862 die
1316 3822 1409 3864 resai-

823 3885 898 3939 reat't
919 3899 937 3938 o
959 3885 1086 3952 mutuis,
1102 3885 1135 3938 ut
1153 3894 1204 3952 por
1216 3877 1409 3951 synecdochen

825 3969 891 4026 pars
912 3958 1038 4036 ponatur
1056 3969 1107 4026 pro
1128 3957 1187 4008 toto
1210 3954 1266 4009 :iit
1285 3949 1410 4007 videticei

823 4039 891 4097 pars
910 4026 985 4082 illius
1010 4027 1187 4090 parasceves,
1204 4036 1261 4094 qiia
1284 4026 1409 4078 mortuus

825 4101 877 4166 est,
895 4101 1075 4168 computetur
1089 4111 1139 4167 pro
1164 4094 1210 4151 die
1223 4109 1290 4162 uua,
1311 4097 1340 4149 et
1358 4105 1408 4149 nox

824 4184 945 4240 sequeus
963 4185 1029 4225 eurii
1055 4168 1101 4224 die
1125 4163 1237 4224 sabbati
1257 4165 1407 4235 sequentis,

823 4254 875 4312 pro
899 4239 965 4309 alia,
988 4245 1016 4295 ct
1036 4255 1091 4295 nox
1113 4236 1258 4310 sequentis
1284 4234 1408 4318 Domini-

823 4326 874 4380 cae,
893 4312 972 4384 eujus
992 4325 1076 4367 mane
1095 4309 1229 4377 surrexit,
1244 4324 1299 4381 pio
1314 4312 1406 4365 tertia.

823 4383 872 4439 lsti
884 4389 979 4440 autem
995 4382 1050 4453 dup
1066 4380 1177 4438 articuli
1194 4381 1292 4438 dicunt
1306 4383 1405 4442 totuin,

822 4453 898 4526 quod
916 4453 1044 4510 Christus
1060 4453 1142 4510 uobis
1154 4450 1258 4509 meruit
1269 4466 1322 4524 per
1336 4466 1407 4508 mor·
