2974 5040
383 442 423 498 litt
450 441 571 498 stitit
599 442 631 494 lll
659 441 818 497 cissimis
847 440 974 494 llllllllll.
1259 435 1290 490 75

58 565 90 606 ac
105 549 207 624 ipsum
221 565 315 621 regne
332 564 452 608 vacuum
467 568 476 606 :
492 565 549 606 nen
566 553 653 608 atteri·

57 623 173 692 dentes,
202 621 285 696 quod
311 621 373 694 ipse
398 619 508 680 dixerat
533 636 653 694 regnum

57 709 140 750 suuni
156 709 302 755 neeesse
329 693 365 750 de
389 695 443 750 hee
466 693 582 764 monde,
602 693 652 752 sed

56 765 85 822 iii
95 765 154 822 elio
167 764 290 834 inundo,
299 764 408 822 scilieet
415 764 592 835 eternitatis,
602 763 652 824 ubi

55 852 179 918 reguum
198 843 246 896 est
265 835 469 920 firmissimum.
485 869 521 880 -
543 838 582 894 Ex
596 837 651 894 hec

57 907 183 966 articule
201 909 330 968 trahitur
344 909 558 980 documentum,
574 907 652 982 qued

57 995 111 1061 nes
126 980 286 1038 attendere
300 981 450 1050 debemus,
472 998 525 1039 iios
543 997 577 1039 er
593 996 652 1040 no·-

57 1051 103 1112 bis
117 1067 184 1110 esse
200 1051 338 1112 infirmes
351 1059 380 1110 et
394 1052 563 1126 tragiles,ac
572 1051 651 1110 omni

59 1123 134 1182 bone
150 1139 275 1194 vacuos,
303 1122 359 1182 nisi
378 1124 496 1184 dextera
523 1123 574 1184 Dei
597 1139 652 1184 nes

59 1209 145 1252 menn
164 1200 287 1266 teneat3
306 1195 498 1254 siculorunde
514 1195 544 1254 in
558 1212 588 1252 se
599 1195 650 1254 ha·

60 1265 107 1324 bet
121 1267 302 1326 vacuitatem
315 1273 345 1326 et
358 1266 650 1336 imbecillitatem,sed

60 1354 147 1420 mann
169 1337 283 1398 Christi
305 1355 341 1413 ep
362 1341 485 1398 rehensa
506 1339 648 1398 llrmalnr.

61 1409 167 1468 idcirce
185 1427 272 1484 ergo,
285 1417 317 1470 ut
348 1413 397 1470 icit
404 1413 542 1481 Hilarius,
553 1411 649 1468 Domi·

63 1497 112 1538 iius
126 1488 230 1540 noster
245 1483 421 1542 arundinem
434 1483 463 1540 in
472 1483 589 1542 dextera
601 1487 650 1540 te·-

62 1569 128 1610 ncre
142 1553 248 1625 voluit,
265 1559 297 1612 ut
311 1571 363 1628 per
374 1555 429 1612 hec
445 1555 650 1614 estenderetee

64 1640 113 1681 nes
127 1625 261 1698 fragiles,
276 1643 379 1686 vacuos
397 1631 425 1685 et
444 1625 575 1684 infirmos
589 1641 649 1684 me-

65 1711 101 1752 nu
112 1701 225 1766 tenere,
240 1703 272 1756 et
282 1698 416 1758 omnibus
426 1697 648 1772 benisimplere.

64 1769 141 1838 lieni,
165 1771 283 1828 arundo
311 1769 371 1828 sive
390 1770 527 1840 calamus,
544 1775 586 1828 est
604 1769 649 1826 iii-

65 1844 252 1899 strumentum
264 1841 422 1912 scribendi,
437 1847 466 1900 et
476 1841 593 1910 idcirce,
609 1857 651 1900 se·

64 1911 183 1995 cundum
197 1917 413 1986 Hieronymum,
430 1913 559 1972 Christus
574 1913 650 1971 cela-

64 1997 138 2040 mum
156 2001 187 2067 in
207 2002 299 2044 manu
318 1985 417 2044 dextra
432 1991 531 2044 tenere
549 1984 649 2056 veluit,

66 2059 96 2110 ut
111 2057 297 2130 sacrilegium
309 2058 476 2116 iudeorum
501 2055 650 2128 scriberet,

68 2130 94 2182 et
106 2129 274 2188 estenderet
288 2145 318 2186 se
333 2129 413 2186 illum
429 2146 503 2199 esse,
519 2129 567 2202 qui
587 2125 651 2186 ele-

69 2201 125 2255 ctos
139 2215 207 2258 sues
222 2201 366 2259 scriberet
382 2201 413 2259 in
430 2199 503 2260 libro
519 2199 593 2258 vitae.
608 2201 650 2258 Je-

68 2283 106 2337 eu,
120 2274 170 2341 put
179 2273 350 2330 arundinem
362 2290 412 2344 pre
423 2279 531 2344 seeptro
541 2275 571 2330 in
583 2272 651 2330 dee·

68 2343 123 2397 tero
138 2343 191 2400 tibi
202 2345 273 2401 deri
286 2345 649 2415 petentempetentem,

71 2427 277 2496 gnesnensem
300 2417 416 2474 deutero
444 2423 497 2476 tue
521 2419 651 2489 potentie

71 2498 107 2540 nc
119 2491 276 2546 sustentare
297 2489 434 2560 diqnems,
455 2493 592 2560 quotenus
619 2491 649 2544 in

71 2570 108 2610 me
116 2573 229 2624 reanum
244 2565 324 2617 tuum
332 2561 441 2631 jupiter
455 2560 647 2630 conformetur.

107 2633 136 2686 it
155 2631 222 2688 Titui
241 2649 395 2689 musterus
414 2647 604 2690 iusriiniisiirii
621 2649 650 2689 iri

74 2697 197 2782 Cunero,
219 2721 287 2766 oum
306 2701 445 2764 sicusim?
463 2736 496 2748 -
518 2703 564 2761 Sic
580 2719 648 2775 erge

74 2771 124 2826 tria
144 2779 337 2833 instrumente
354 2773 495 2834 illusionis
512 2775 649 2834 introdu-

74 2849 178 2924 cuntur,
194 2846 327 2904 scilicet:
351 2847 437 2906 restis
461 2863 607 2922 purpurea
621 2851 649 2904 et

75 2927 209 2988 coccinea,
225 2935 334 2977 corone
347 2921 459 2992 spinea,
474 2917 585 2976 arundo
599 2934 648 2978 va·

76 2997 131 3040 ces.
145 2989 235 3049 Vestis
249 2990 375 3062 corpori,
392 3007 499 3050 corona
512 2988 608 3062 capiti,
621 2993 649 3048 el

77 3057 178 3116 arundo
214 3078 247 3119 re
270 3068 382 3135 sceptro
399 3061 498 3120 manui
517 3059 648 3134 imponi-

76 3127 130 3208 tur,
140 3131 181 3212 hd
193 3077 321 3216 itteram
335 3135 397 3192 haec
414 3137 481 3192 sunt
494 3131 552 3191 trie
563 3149 647 3208 rega·

78 3194 112 3277 lie
124 3215 243 3287 iusignia
257 3205 463 3287 contumeliose
476 3210 505 3264 et
518 3203 549 3262 iu
566 3203 648 3262 deri-

78 3281 179 3330 sionem
191 3276 244 3334 sibi
262 3292 401 3350 impensa,
423 3282 454 3334 ut
467 3293 534 3334 reus
547 3282 648 3334 osten-

80 3337 156 3400 datur
168 3345 243 3408 laesae
268 3347 435 3432 majestatis,
457 3365 492 3406 eo
510 3347 588 3422 qued
603 3365 647 3406 re·

80 3425 158 3480 gnum
170 3419 254 3500 uellet
269 3419 323 3478 sibi
346 3437 494 3494 usurpare,
514 3437 567 3478 nee
585 3435 648 3502 pes·

82 3486 120 3538 set
133 3485 269 3566 oblinere.
286 3491 432 3550 llersliter
452 3497 559 3562 autem,
576 3497 650 3549 sicut

82 3552 199 3637 Christus
220 3562 321 3621 illusus
337 3564 391 3619 luit
412 3561 578 3636 tripliciter;
609 3562 650 3620 sie

83 3625 220 3696 tripliciter
234 3636 332 3692 enimn
346 3635 512 3716 frequenter
521 3634 650 3692 illuditur

84 3699 107 3748 ⁸1
118 3712 166 3768 per
182 3711 326 3786 peecatum
341 3713 471 3780 eapitur:
498 3707 601 3780 primo,
620 3705 651 3764 in

83 3771 259 3852 opitulatione
271 3780 406 3836 humane
424 3777 571 3851 potentie,
587 3793 650 3851 quse

84 3843 249 3922 Sumuntur
258 3866 310 3922 per
320 3855 427 3910 vestem
437 3865 609 3923 purpuream
622 3855 652 3910 et

85 3921 244 3990 coccineam,
260 3937 323 3994 quse
347 3927 391 3979 est
404 3921 489 3980 vestis
507 3937 608 3992 regum
623 3926 652 3980 et

86 3987 239 4067 l>⁰lenlum3
254 3993 391 4064 secunde,
401 3993 431 4050 in
444 3991 597 4064 cupiditate
612 3993 652 4051 ol·

89 4047 191 4114 liuentis
204 4065 366 4146 opulentiae,
383 4081 448 4148 ques
473 4069 588 4122 notatur
602 4080 652 4136 per

89 4133 210 4200 teronem
219 4149 356 4217 spineam,
370 4138 477 4194 divitiae
488 4137 565 4194 enini
588 4135 652 4208 spi-

90 4205 128 4248 nis
140 4204 174 4276 ¹et
198 4219 270 4264 euris
293 4213 362 4266 sunt
377 4209 487 4282 plenem,
503 4206 600 4277 tertio,
622 4207 652 4264 in

91 4273 203 4348 ienitate
226 4279 377 4337 mundane
402 4279 563 4351 sapientie,
587 4294 652 4350 quas

91 4339 251 4406 teutonus
257 4365 307 4422 per
321 4351 502 4422 arundinem,
511 4365 575 4426 que
587 4353 651 4424 pul·

92 4403 162 4480 thre,
175 4417 223 4473 sed
240 4427 323 4480 rento
339 4423 422 4497 plena
436 4428 464 4480 et
484 4439 573 4481 vacua
587 4427 629 4480 est
642 4440 649 4496 ς

714 552 861 612 mundane
871 550 948 610 euim
965 547 1105 624 sapientia
1119 547 1148 608 in
1161 563 1218 622 qua
1228 563 1292 606 een·

713 623 809 684 lldunt
826 625 968 692 homines,
982 621 1012 680 iii
1037 638 1093 694 qua
1106 619 1168 694 quis
1182 637 1239 679 nen
1256 619 1294 680 ed

688 697 763 756 'Dei
788 697 914 767 laudem,
929 695 979 752 sed
1004 691 1041 752 ed
1069 692 1190 765 gloriam
1211 709 1293 752 suem

711 769 812 838 utitur,
829 772 872 826 est
890 765 970 840 quasi
985 765 1103 824 baculus
1119 763 1294 824 arundineus

711 845 740 900 et
773 841 943 900 contractus.
975 837 1046 898 Vide
1077 836 1124 896 hie
1149 836 1292 909 quomodo

711 914 837 972 Christus
849 911 879 972 iu
897 909 1030 970 omnibus
1044 927 1101 968 nen
1113 913 1224 968 tantuin
1239 909 1291 966 Pe·

711 984 758 1056 tri,
774 985 824 1044 sed
843 983 901 1042 suis
915 982 1003 1042 etiem
1028 981 1192 1040 illusoribus
1216 980 1291 1038 obe-

708 1057 760 1116 dil.
776 1058 934 1130 Purpuram
956 1054 1083 1127 suscipit,
1101 1059 1186 1125 ceput
1201 1068 1289 1110 coro«

708 1146 753 1190 ne
765 1125 1028 1201 perat,arundinem
1042 1142 1128 1184 manu
1138 1123 1221 1182 tellit.
1232 1123 1288 1183 Sic·

708 1208 739 1260 nt
754 1216 822 1274 ergo
837 1200 965 1258 Christus
989 1199 1047 1256 Rex
1070 1195 1169 1270 glories
1189 1196 1289 1270 spinea

708 1289 815 1330 corone
829 1276 991 1340 coronatur,
1000 1285 1167 1344 purpureae
1177 1271 1289 1340 sceptro

709 1339 926 1402 subsannatorie
948 1341 1106 1410 deluditur,
1132 1339 1173 1398 sie
1191 1339 1289 1410 etiam,

709 1432 774 1474 cum
802 1431 903 1472 servus
932 1413 1036 1472 Christi
1055 1411 1085 1470 in
1107 1412 1161 1470 hec
1184 1412 1291 1470 mundo

708 1485 900 1571 vilipenditur.
929 1491 958 1543 rt
982 1485 1059 1543 velut
1088 1483 1290 1542 omnibonere

709 1559 843 1628 indignus
858 1557 1004 1642 abjicitur,
1011 1562 1064 1614 ote
1077 1562 1288 1628 praesumptuo-

709 1631 749 1689 sis
764 1630 929 1704 despicitur,
945 1635 974 1688 et
996 1627 1177 1686 illusionibus
1199 1627 1288 1684 mole·

708 1708 810 1774 statur,
824 1701 940 1774 cogitet,
955 1699 1032 1774 quod
1056 1715 1154 1758 serius
1174 1715 1231 1756 neri
1246 1703 1289 1756 est

709 1776 800 1848 major
817 1773 937 1832 Domino
950 1791 1012 1843 suo,
1023 1789 1076 1830 nec
1112 1788 1144 1830 ro
1158 1769 1291 1828 malehe-

708 1848 775 1905 beat
789 1846 812 1903 sl
825 1845 950 1919 patiatur
962 1844 1067 1903 similia
1106 1845 1150 1916 egi
1165 1858 1288 1900 sumine.

748 1942 777 1992 17
794 1921 894 1976 chxio
921 1935 1031 1975 essenii
1049 1934 1119 1974 iure
1141 1917 1291 1984 Cnsisreii,

709 2007 889 2048 nocuussruii
900 2007 933 2046 ex
946 2008 981 2046 si
993 2007 1026 2046 rr
1037 2007 1146 2046 osirie.
1160 2017 1194 2030 -
1208 1987 1289 2043 Dein·

709 2062 827 2132 de,cnm
836 2063 917 2134 signe
923 2059 1033 2134 regalia
1045 2060 1070 2117 ei
1081 2057 1289 2130 adhibuissent,

709 2133 863 2192 llectebent
878 2149 971 2204 genua
985 2147 1080 2189 coram
1094 2147 1138 2199 ee,
1157 2146 1190 2186 ae
1207 2128 1288 2186 deri-

709 2204 797 2275 sorie,
811 2209 841 2262 ut
853 2205 943 2262 Deum
956 2201 1112 2261 edocebunt
1124 2218 1195 2270 mm,
1208 2205 1234 2258 et
1247 2217 1291 2270 pe-

708 2294 747 2334 nu
760 2279 831 2348 pene
846 2281 909 2332 nate
923 2292 994 2344 eum,
1010 2279 1042 2332 ut
1054 2290 1152 2344 regem
1163 2273 1288 2331 salutan-

708 2353 762 2414 les,
778 2348 944 2418 illudebant,
955 2364 988 2404 ee
999 2345 1158 2404 irridebant
1171 2347 1207 2414 ei,
1219 2349 1290 2401 larii·

708 2436 795 2549 guam
811 2435 934 2493 regnare
947 2419 1053 2476 volenti
1064 2423 1093 2474 et
1105 2433 1162 2474 non
1173 2413 1290 2487 valenti,

730 2495 830 2550 i'centes
847 2511 855 2548 =
874 2493 945 2561 Aee,
963 2494 1022 2548 ilem
1040 2491 1206 2547 Judeerum.
1221 2489 1291 2556 Qua·

709 2565 733 2622 sl
757 2563 887 2622 dicerent
914 2580 921 2620 :
946 2561 1065 2621 Voluisti
1086 2577 1220 2632 regnare,
1240 2561 1289 2616 sed

709 2652 768 2694 neii
782 2633 912 2708 potuisti.
927 2635 1035 2708 Regem
1049 2633 1212 2692 ludaeorum
1223 2647 1290 2688 euni

708 2711 856 2777 vocantes,
870 2722 970 2764 rerum
992 2705 1100 2768 dicunt.
1123 2703 1210 2762 etiem
1237 2719 1290 2759 ne·

708 2779 801 2836 lentes
813 2785 842 2836 et
851 2777 1021 2836 irridentes.
1033 2773 1290 2847 subsecundans

709 2851 822 2920 Bedem,
839 2849 999 2908 adorabant
1020 2847 1111 2917 illum,
1134 2847 1213 2920 quasi
1241 2847 1290 2918 qui

709 2925 798 2980 ileum
817 2921 943 2994 seipsum
957 2921 1029 2978 lelso
1046 2919 1173 2988 dixisset,
1193 2923 1222 2976 el
1241 2933 1289 2976 se·

709 2993 838 3052 lutebant
852 3009 930 3064 euin,
941 2997 1089 3064 tamquam
1100 2990 1147 3064 qui
1165 2987 1289 3061 seipsum

710 3065 780 3124 lalse
795 3067 902 3136 llegem
916 3065 1047 3132 lecisset;
1064 3063 1139 3136 quod
1150 3063 1288 3130 lecerunt,

710 3141 742 3195 ut
756 3152 855 3194 eorum
870 3136 966 3194 illusio
980 3133 1167 3208 responderet
1181 3133 1291 3190 ludeo

708 3224 772 3266 rum
786 3207 971 3276 accusationi,
985 3206 1051 3278 quia
1067 3207 1101 3262 de
1113 3209 1234 3275 utreque
1247 3219 1291 3261 ee-

709 3281 862 3338 cusebetur
875 3275 1202 3337 aludaeislletestabilis
1212 3291 1289 3331 meii-

708 3351 746 3409 tis
758 3351 862 3410 ellectu
871 3351 934 3408 haec
944 3349 1061 3412 iaciunt.
1075 3349 1142 3419 quie
1156 3361 1290 3418 compun-

709 3428 809 3496 gentes
834 3426 982 3491 eerenent,
1001 3437 1035 3480 ec
1053 3419 1206 3477 illudentes
1225 3417 1291 3476 ede-

708 3499 775 3554 rent
786 3501 814 3552 et
827 3495 961 3552 salutant.
976 3496 1010 3550 Et
1022 3491 1090 3550 licet
1102 3489 1227 3549 Gentiles
1237 3491 1292 3548 hoe

710 3567 845 3636 lacerent,
860 3571 955 3623 tamen
966 3563 1059 3624 Judeel
1071 3565 1126 3620 hoc
1137 3563 1230 3631 luuiit,
1242 3559 1291 3633 qui

709 3637 781 3696 tanti
794 3636 920 3695 criminis
929 3641 1061 3695 auctores
1071 3637 1153 3692 erent
1166 3653 1173 3703 ;
1185 3641 1214 3692 et
1226 3633 1291 3690 ideo

710 3709 741 3768 in
754 3711 911 3768 Parascere
921 3725 987 3766 cum
997 3724 1049 3781 pre
1049 3705 1176 3836 1persidis
1185 3708 1200 3764 J
1204 3703 1294 3762 udaeis

711 3785 821 3846 eretur,
861 3797 936 3838 enus
960 3797 1018 3837 nen
1071 3788 1200 3838 eclimus.
1229 3791 1293 3834 cum

711 3853 785 3910 forte
800 3797 892 3910 iudei
909 3853 963 3908 hec
976 3850 1101 3920 agebant
1113 3864 1178 3906 enm
1192 3846 1295 3906 Genti-

712 3923 799 3982 libus.
817 3923 870 3981 Ubi
893 3925 1101 3994 Glirpsostemus
1125 3919 1203 3989 dicit,
1219 3918 1295 3992 quod

713 3994 820 4053 milites
833 3993 954 4067 pecunia
968 3992 1097 4066 corrupti
1111 3993 1166 4050 hee
1178 3991 1296 4068 adgra-

713 4067 783 4124 tiem
796 4066 942 4124 ludeieem
954 4065 1105 4124 iaciebant.
1118 4065 1294 4132 Augustinus

714 4144 811 4196 autem
827 4137 1039 4204 dicitbocesse
1054 4137 1161 4194 lectum
1174 4133 1293 4192 mande-

713 4205 1295 4283 tevelpermissionel’raesidis,utscllieet

714 4280 987 4411 gagis'lludaeorum
1004 4278 1294 4424 qgiieiawmiexnitudi

772 4370 871 4412 aniius
890 4369 956 4412 eum
975 4369 1016 4410 eri
1103 4379 1166 4408 .-

715 4424 834 4483 trtieule
849 4425 973 4482 habetur
987 4425 1203 4488 documentum,
1216 4419 1292 4490 qued
