3124 5038
198 417 244 470 tlt
521 415 674 471 titutum
702 411 821 470 ttnnls
850 411 954 468 otton
981 409 1104 466 cxxvtt

198 526 266 588 tatis
279 529 309 586 at
329 523 562 592 immortalitatis,
575 538 660 596 qrram
679 521 722 580 eis
736 521 781 579 lu·
837 521 945 578 tionem
969 518 1034 576 idel
1054 519 1091 577 de
1113 519 1267 584 [lominica
1292 519 1430 578 Resurre-

196 605 291 660 turnm
319 598 470 672 promittit.
488 599 591 654 Pacem
613 595 708 666 ollert,
734 592 783 658 «roi
838 592 1300 662 clione.1·2tdlriteis:0uid,id
1317 596 1433 660 estona

217 679 314 744 ropter
329 685 427 743 parem
440 675 572 736 veneram
590 672 666 724 unite
683 665 783 738 ponti·
838 665 874 722 de
899 679 996 732 caiisa,
1016 665 1122 720 turbati
1139 669 1215 726 eatis,
1234 671 1263 720 rt
1284 663 1433 732 capitatio·

195 689 251 812 ἴοι,
273 742 434 815 pre-ipius
452 755 575 814 sponsus
594 738 738 803 Ecclesiae,
754 738 783 794 in
837 753 885 794 ner
900 737 1062 800 accendunt.
1077 737 1158 809 quasi
1178 739 1214 795 ah
1237 735 1348 794 intimo
1363 741 1435 790 tam

195 831 321 890 persone
337 813 451 882 Chri-ti,
467 812 541 869 sicut
562 809 694 884 specialis
713 809 785 866 vica·
839 824 924 881 quern
944 807 1023 865 lnlsna
1038 815 1067 864 et
1086 807 1292 880 phantasticae.
1315 821 1377 863 nou
1392 804 1437 862 de

197 887 258 944 rius
282 887 353 959 ojus,
370 883 439 941 dicit
457 901 464 940 ι
485 885 546 942 Pon
561 884 648 945 notin,
671 897 736 938 oum
756 883 785 938 io
840 895 925 952 super
939 879 975 937 de
986 879 1056 937 coto
1068 881 1276 939 descendentes
1287 885 1438 960 tamquam

198 974 286 1041 missa
305 972 449 1038 primone
474 959 559 1040 yertrt
578 956 612 1012 ad
628 957 783 1083 populum,

200 1045 267 1159 Ἆιιια
282 1032 342 1086 hmo
363 1028 417 1085 tort
439 1043 533 1100 prima
556 1041 609 1082 ron
652 1027 732 1081 hrrslr
748 1025 785 1081 ad

840 968 913 1008 verce
925 959 954 1008 et
973 953 1065 1020 bonae,
1081 954 1111 1009 in
1131 955 1214 1010 cordo
1229 959 1346 1016 oeanu,
1362 949 1439 1005 intir-

840 1039 888 1080 ma
902 1029 930 1080 et
947 1023 1130 1082 dubitarunt
1145 1027 1178 1082 Et
1200 1024 1274 1098 quia
1299 1021 1340 1080 ad
1369 1017 1439 1076 illud

217 1099 354 1230 tiscipnloe
374 1103 439 1226 illst
464 1096 786 1224 Resurrecgiotnemhiui
839 1111 944 1224 corpus
962 1096 1145 1225 qudOdb'xihe?
1160 1102 1282 1224 poterantt
1300 1089 1438 1221 llidsssciao·

203 1183 785 1317 itttttdtttttttttl,liti.
840 1183 1188 1311 „titillationi
1205 1183 1256 1297 tt:
1258 1184 1265 1223 ¹
1274 1181 1397 1304 iiia,
1410 1237 1437 1290 a

203 1330 271 1372 num
294 1331 327 1372 ex
351 1312 433 1372 nobis
447 1316 579 1370 ostendat
605 1312 674 1370 Cium
690 1318 785 1368 autem
840 1311 939 1384 pedes,
954 1317 982 1368 et
998 1311 1074 1368 latus
1098 1311 1314 1368 adridendum
1332 1314 1363 1365 et
1377 1305 1437 1388 pnl3

203 1385 327 1469 Ecclesia
348 1383 489 1456 primitlrn
508 1381 636 1466 quotidie
656 1393 786 1466 etgeue-
840 1382 978 1466 pandum,
1010 1383 1161 1440 declarans
1185 1383 1263 1510 (pund
1292 1381 1360 1454 ipse
1391 1392 1437 1460 qur

203 1458 311 1522 rnhter,
327 1463 356 1516 et
373 1461 437 1530 post
451 1461 562 1514 tautum
575 1455 676 1512 diebus
689 1457 785 1513 Domi·
843 1453 1003 1524 crucifixus,
1017 1461 1147 1512 mortuos
1159 1465 1187 1512 et
1211 1460 1361 1512 accontus
1376 1451 1437 1516 luit,

203 1528 285 1595 uicis,
300 1535 363 1601 post
378 1543 445 1586 uero
463 1535 574 1585 tentum
589 1526 618 1582 ln
633 1525 724 1582 trihus
738 1542 785 1582 so·

202 1599 398 1659 lemnitalihuo
420 1597 645 1657 communicaret
668 1597 787 1670 Corpori

201 1678 230 1732 et
256 1671 390 1744 sanguini
411 1670 543 1740 Domlui;
569 1685 644 1726 nunc
664 1668 787 1726 Ecclesia

199 1759 251 1818 per
279 1743 408 1800 osculum
433 1741 522 1815 pacis,
536 1755 592 1813 quo
620 1739 787 1822 designatur

202 1813 297 1874 unitas
321 1813 530 1882 Ecclesiastico,
551 1816 741 1868 commumoni
758 1815 787 1869 in

201 1885 290 1944 missa
311 1884 512 1957 spiritualiter,
533 1882 586 1941 etei
615 1899 673 1941 nou
690 1899 785 1942 sacra·

170 2015 173 2020 ,
203 1956 375 2016 mentaliter.
394 1958 427 2014 lit
455 1957 574 2030 pulchre
591 1971 746 2028 resurgens
771 1972 788 2013 a

204 2028 326 2088 mortuis
334 2026 479 2093 Dominus,
491 2027 586 2112 primo
597 2043 695 2110 pacem
705 2027 789 2085 disci·

205 2101 280 2174 pulis
301 2105 522 2169 commendarit,
545 2105 576 2157 ut
597 2099 662 2156 nllos
683 2101 718 2157 ad
745 2097 788 2157 aui

207 2171 347 2230 visionem
376 2179 564 2245 perventuros
582 2187 644 2229 esse
671 2174 789 2228 demon·

206 2250 326 2314 straret,
354 2247 401 2316 qul
431 2261 528 2316 paoem
544 2249 582 2318 et
608 2243 789 2300 concordiam

206 2315 292 2374 corde
306 2322 335 2373 et
347 2332 465 2384 corpore
479 2320 604 2372 servant.
620 2317 656 2372 En
672 2331 726 2386 qun
742 2330 789 2387 pa·

206 2390 258 2456 tet,
278 2387 353 2514 {uod
374 2387 413 2444 illi
434 2393 501 2444 sunt
519 2385 641 2458 pacilici,
659 2386 706 2457 qui
724 2401 790 2443 vere

208 2467 273 2518 tunt
304 2457 790 2529 hristidiscipuii.SecundumChry·

206 2535 363 2597 santonum,
381 2528 527 2599 discipulis
545 2527 614 2584 dixit
634 2530 718 2583 :Pon
740 2545 788 2585 oo·

208 2600 259 2664 his,
275 2599 343 2669 qula
361 2598 492 2670 praelium
513 2597 732 2670 inexpugnabile
753 2599 790 2656 ad

204 2670 320 2729 iudaeos
347 2670 499 2727 habehant.
515 2669 680 2726 hluherrhus
693 2675 790 2727 autom

204 2740 340 2814 gaudium
358 2741 546 2812 evauecllzat,
581 2738 629 2797 ulo
648 2739 677 2798 in
697 2740 791 2798 tri-ti·

206 2812 255 2872 tiis
268 2829 357 2885 genus
378 2811 448 2870 illud
466 2818 538 2871 erut.
554 2755 721 2871 ffiterrratim
737 2813 791 2886 igi·

205 2893 253 2944 tur
265 2885 333 2942 viris
347 2885 463 2968 quidem
475 2889 591 2958 propter
603 2883 732 2957 praelium
746 2901 793 2958 pa-

207 2973 281 3027 cem,
297 2956 463 3015 mulieribus
478 2973 545 3015 vero
563 2963 680 3039 propter
697 2958 793 3014 tristi-

177 3041 188 3048 ”
209 3029 277 3086 tiam
293 3029 468 3101 evangelizat
485 3028 629 3102 gaudium.
647 3031 681 3085 lit
695 3045 730 3086 ne
745 3028 794 3086 dl-

211 3099 314 3173 scipuli
326 3100 499 3170 eumalium,
514 3099 557 3157 vel
569 3101 736 3170 phantasma
747 3117 795 3174 pu·

208 3175 313 3238 tenent,
328 3171 482 3243 subjunxit.
497 3176 527 3230 ui
542 3171 646 3244 legitur
661 3173 690 3228 in
702 3175 793 3230 Luca:

208 3247 268 3314 Epo
279 3260 349 3312 snm,
366 3243 515 3302 collicello
530 3259 652 3317 persona
667 3244 793 3316 propria,

207 3330 266 3374 noo
280 3331 326 3373 res
340 3315 529 3388 phantastica,
549 3332 598 3372 sen
613 3314 708 3372 illusio
730 3315 791 3372 die-

206 3387 310 3452 boltca,
323 3389 409 3444 notite
423 3391 516 3444 timere
527 3387 569 3444 nel
585 3386 727 3444 dubitare.

242 3459 332 3518 oCua
350 3476 384 3515 os
411 3461 635 3516 Resonaacnrone
658 3475 793 3516 oumnnns

206 3547 331 3589 rsnursst
343 3547 467 3590 suenone
481 3529 496 3586 t
510 3560 543 3574 -
552 3531 715 3588 conturbati
729 3547 792 3587 uero

208 3603 325 3675 quidam
343 3619 377 3660 ex
390 3602 467 3676 ipsis,
489 3617 547 3674 pre
561 3611 676 3672 stupore
699 3609 728 3658 et
742 3604 791 3660 nd·

206 3673 370 3744 miratione,
390 3681 416 3732 ot
439 3676 590 3743 conterriti,
610 3689 668 3744 prce
690 3672 793 3732 timore

206 3759 259 3802 seu
286 3747 410 3818 quodam
436 3745 560 3804 naturali
589 3746 720 3814 horrore,
736 3761 792 3818 quo

204 3815 261 3873 riri
279 3818 373 3876 solent
388 3829 516 3876 mortuos
540 3819 669 3884 horrere,
689 3819 793 3874 emitti-

205 3889 320 3944 modnnt
334 3903 363 3944 se
376 3893 519 3960 spiritum,
536 3905 623 3962 quem
637 3889 667 3946 iu
684 3888 793 3946 Passio·

208 3973 245 4016 ne
273 3959 421 4028 emiserat,
451 3977 508 4018 non
536 3977 652 4020 caruem
680 3962 791 4026 uidem

205 4032 327 4088 nondum
347 4035 420 4088 enim
452 4033 607 4100 credebant,
635 4033 679 4091 vel
710 4032 793 4090 tortia

208 4100 255 4159 die
267 4117 362 4159 veram
379 4117 494 4160 carnem
507 4111 634 4176 potuisse
648 4106 683 4162 de
697 4107 792 4177 sepul-

208 4175 277 4232 chro
311 4189 481 4258 resurgere,
509 4175 554 4230 rol
583 4181 791 4244 resuscitatam,

209 4245 312 4304 clericis
324 4247 429 4320 januis.
445 4247 480 4303 ad
507 4263 556 4304 eos
575 4261 659 4318 posse
675 4247 790 4304 intrare.

209 4317 309 4376 lliviun
335 4327 430 4377 autem
460 4317 637 4392 providentia
659 4318 792 4390 permissi

207 4397 274 4447 sunt
291 4391 431 4456 dubitare,
446 4391 481 4449 ad
503 4392 639 4464 mojorem
654 4391 792 4448 certillra·

842 1525 870 1582 in
895 1525 943 1582 illo
970 1527 1071 1583 eodem
1092 1541 1211 1600 corpore
1231 1523 1375 1581 surrexit.
1394 1521 1440 1580 Vi·

843 1599 912 1656 dete.
933 1597 1038 1670 inquit,
1057 1615 1156 1654 munus
1181 1613 1257 1653 mens
1285 1603 1315 1653 et
1344 1592 1437 1666 pedes,

843 1673 911 1741 quin
933 1685 981 1740 epo
1009 1673 1069 1740 ipse
1093 1686 1162 1726 sum.
1185 1668 1271 1738 Quasi
1301 1666 1437 1744 diceret:

844 1745 897 1798 l’er
921 1741 1115 1813 hujuscemodi
1140 1740 1291 1798 cicatrices
1317 1741 1439 1810 potestis

842 1811 998 1940 percipere,
1016 1817 1082 1886 quia
1100 1829 1154 1881 ego
1177 1827 1240 1870 sum
1267 1812 1319 1896 qui
1337 1821 1439 1890 passus

855 1887 881 1942 ui
898 1890 927 1942 et
946 1884 1096 1942 resurrexi.
1115 1886 1170 1942 Per
1187 1884 1341 1941 cicatrices
1364 1892 1440 1963 eorm

843 1962 1035 2026 remanentes,
1050 1955 1176 2014 ostendit
1190 1958 1348 2028 quoderat
1364 1953 1438 2008 rilem

843 2043 948 2100 corpus
964 2045 1092 2086 numero.
1124 2029 1311 2086 Resurrectio
1328 2021 1439 2083 etenim
1542 2081 1543 2092 ,

843 2116 922 2169 vera,
938 2107 982 2158 est
1001 2101 1128 2174 eJusdrm
1143 2101 1171 2157 in
1189 2114 1315 2156 numero
1332 2096 1439 2153 iterato

844 2171 992 2230 surrectio.
1008 2175 1126 2244 Palpote
1137 2177 1163 2228 et
1175 2171 1364 2298 oidelaguio
1379 2167 1437 2238 spi·

843 2247 915 2300 ritus
933 2259 1041 2301 carnem
1057 2250 1083 2300 et
1097 2259 1159 2300 osan
1177 2259 1231 2299 non
1251 2245 1285 2298 ho
1310 2247 1339 2298 et
1366 2239 1438 2295 sictd
1542 2247 1543 2270 l

844 2332 886 2371 me
900 2317 1000 2371 uidetis
1014 2316 1121 2371 hebere.
1134 2315 1220 2383 Quasi
1233 2315 1349 2371 diceret
1363 2329 1370 2367 :
1384 2311 1437 2365 Per

844 2388 899 2444 hoo
929 2385 1047 2459 potestis
1069 2387 1155 2443 ctiam
1181 2401 1359 2459 cognoscere
1391 2395 1436 2438 me

845 2459 952 2516 hahere
978 2473 1079 2530 corpus
1110 2473 1220 2526 verum,
1237 2474 1293 2514 utin
1316 2456 1435 2529 phanta-

846 2529 957 2587 sticum.
979 2530 1021 2588 Ad
1037 2528 1226 2587 dubitantium
1245 2545 1327 2586 emm
1348 2525 1435 2584 corda
1537 2532 1541 2553 ·

846 2601 984 2669 sananda,
999 2601 1151 2658 vulnerum
1170 2607 1283 2659 serrata
1300 2603 1375 2659 sunt
1387 2609 1433 2652 re·

847 2673 978 2744 stigia,ot
992 2671 1212 2730 ideovuluerum
1229 2673 1384 2730 cicatrices
1394 2679 1436 2724 os·
1540 2721 1542 2752 ἵ

846 2745 948 2808 tendit,
968 2753 998 2802 ut
1023 2744 1178 2802 dubietatis
1197 2753 1226 2802 et
1254 2737 1435 2801 infidelitatis

848 2832 945 2874 eorum
959 2815 1060 2874 vulnus
1072 2821 1235 2876 sanaretAEt
1249 2832 1309 2874 enm
1329 2818 1382 2872 hoc
1396 2811 1436 2866 di·

846 2891 946 2957 eisset,
960 2889 1079 2946 ostendit
1093 2892 1132 2946 ein
1143 2905 1250 2954 raanan,
1260 2883 1436 2944 utincrtoret
1540 2891 1543 2951 ζ

849 2961 884 3017 ad
907 2961 1099 3032 pugnandum.
1118 2961 1204 3030 Quasi
1227 2959 1363 3017 diceret:
1383 2953 1435 3012 Vi·

849 3032 913 3089 dete
930 3047 1042 3100 manus,
1058 3031 1161 3103 quihus
1176 3049 1226 3103 pro
1241 3031 1323 3089 nohis
1341 3026 1434 3087 indeli-

849 3111 894 3160 tor
905 3103 1041 3176 pugnavi,
1055 3104 1108 3160 has
1126 3105 1207 3161 robis
1220 3103 1284 3160 ideo
1298 3100 1432 3166 ostendo,

849 3181 880 3232 ut
902 3181 931 3232 et
948 3191 997 3231 vos
1012 3174 1154 3248 pugnetis,
1171 3176 1239 3244 uuio
1252 3174 1314 3232 siue
1337 3183 1432 3252 pugna

849 3246 970 3302 victores
986 3263 1042 3303 nou
1052 3246 1139 3304 eritis.
1152 3246 1279 3304 viriliter
1293 3261 1364 3319 ergo
1376 3257 1432 3317 ngr·

849 3323 888 3388 le,
909 3315 976 3389 quia
991 3321 1112 3376 vincenti
1130 3318 1201 3374 dudo
1219 3319 1311 3374 sedere
1327 3329 1431 3374 mecum

848 3393 879 3445 in
903 3393 999 3446 throno
1027 3405 1118 3446 meo...
1134 3389 1261 3448 Ostendit
1274 3389 1361 3447 etiam
1377 3386 1432 3444 illia

849 3462 932 3529 totns,
959 3466 993 3518 ut
1022 3467 1190 3534 provocaret
1217 3463 1254 3519 ad
1276 3461 1430 3519 amandum

849 3532 930 3604 quasi
944 3533 1051 3590 diceret
1066 3553 1074 3590 ι
1090 3533 1188 3591 Videte
1203 3534 1276 3591 latus
1289 3540 1430 3606 apertum,
1542 3585 1543 3589 ,

848 3621 897 3660 cor
911 3604 1100 3673 vulneratum,
1116 3615 1146 3662 ut
1161 3605 1281 3663 videatis
1317 3613 1433 3662 uantum
1542 3596 1543 3627 l

848 3675 997 3746 dilexerim
1011 3693 1071 3746 vos,
1085 3681 1157 3735 utet
1171 3693 1222 3734 ros
1238 3693 1283 3734 me
1297 3622 1432 3748 alligatis.

848 3748 974 3806 Ostendit
990 3751 1029 3806 eis
1045 3755 1070 3806 et
1086 3751 1179 3821 pedes,
1199 3755 1228 3806 ul
1244 3747 1387 3806 stabiliret
1398 3741 1432 3802 td

847 3821 1102 3892 perseverandum.
1116 3827 1146 3878 ut
1156 3822 1192 3877 ab
1203 3821 1268 3878 lnce
1291 3820 1368 3876 tione
1382 3819 1433 3876 ho·

848 3908 893 3949 uae
909 3893 973 3949 vitm
985 3908 1045 3950 non
1066 3892 1248 3952 desistamus.
1267 3837 1346 3950 fiodo
1366 3903 1433 3964 per·

847 3963 1010 4022 severantia
1026 3964 1069 4021 vel
1084 3965 1225 4022 stabilitas
1246 3971 1301 4034 eat,
1320 3958 1432 4040 quondo

849 4036 936 4093 homo
954 4053 1005 4093 uec
1021 4036 1116 4104 minis,
1133 4052 1184 4093 neo
1203 4051 1313 4098 amore,
1332 4050 1384 4091 uec
1398 4043 1429 4086 tt·

848 4124 939 4176 more,
955 4108 1176 4168 necoonrmodo.
1189 4124 1239 4165 uec
1254 4103 1429 4166 incommodo

847 4197 863 4236 a
882 4182 956 4236 hooa
971 4180 1028 4236 vita
1044 4181 1085 4236 vel
1102 4188 1290 4253 apraeceptrs,
1304 4179 1347 4235 rel
1359 4193 1376 4234 a
1386 4189 1428 4232 ro·

847 4255 875 4309 to
890 4251 965 4324 quod
979 4255 1063 4320 vovit,
1078 4252 1245 4309 retrahitur.

882 4328 899 4379 6
922 4325 1046 4391 Quinoun
1072 4340 1106 4380 on
1124 4339 1232 4387 consors
1250 4339 1302 4382 nos
1328 4331 1426 4378 murm

847 4411 989 4452 ornaotus.
1025 4425 1059 4437 -·
1086 4396 1157 4452 Sunt
1184 4401 1279 4454 aulem
1307 4391 1428 4466 quinque
