3036 5042
379 392 418 444 bb
445 391 638 454 balbillus,
667 392 699 444 tlt
727 391 892 445 Pbssmlt'
922 393 1051 446 llOllllll.

92 500 227 570 irrogare
240 497 351 556 nolite‘l
362 499 395 554 ldt
406 503 474 554 ωηο
484 497 688 567 amplexareris

93 571 174 627 llexis
183 570 306 642 genibus
318 568 467 626 Dominum
479 575 508 626 et
522 567 688 640 Magistrum

92 649 195 710 tuum3
218 647 250 698 et
264 640 304 698 sic
321 641 479 713 susciperes
496 639 618 698 libenter
639 658 687 697 su·

93 721 186 797 perte
197 712 401 786 percussiones
412 711 490 780 istas,
503 714 537 768 ad
551 712 688 768 tuendum

92 801 196 858 ipsum.
213 785 294 852 Quod
308 783 349 840 ita
364 790 459 841 mente
473 786 564 844 lacere
580 783 688 855 recogi-

1304 393 1333 444 ts

744 497 843 555 rideri.
855 497 982 565 Quadam
992 502 1087 556 autem
1098 498 1168 566 vice,
1177 500 1244 557 dum
1253 502 1333 558 Sam-

744 571 807 626 soni
831 567 948 640 placuit,
974 575 1041 626 tunc
1063 586 1126 630 sese
1150 570 1186 628 de
1208 570 1332 629 inimicis

743 640 920 698 horribiliter
935 641 1103 707 vindicarit3
1119 641 1158 699 sic
1175 641 1202 699 in
1220 642 1275 700 fine
1290 661 1333 700 se·

744 713 872 769 culorum
888 713 923 768 de
938 711 1061 770 inimicis
1074 713 1176 770 Christi
1189 713 1253 784 erit,
1268 731 1333 774 cum

745 782 753 840 i
774 801 805 841 se
821 783 850 841 in
867 786 1015 854 majestate
1030 793 1059 841 et
1074 790 1214 857 potestate
1229 787 1265 842 ad
1280 787 1332 858 ju-

92 867 147 925 tes,
166 861 197 913 et
223 863 313 913 totum
333 855 406 912 sicut
421 855 444 912 si
461 871 587 927 praesens
609 871 687 912 esses
711 850 714 925 Ῑ
764 855 849 912 icium
874 855 993 913 venerit.
1017 857 1155 929 Conspice
1174 855 1263 928 igitur
1284 861 1332 916 le·

91 935 121 986 te
136 929 281 984 iacturum
297 927 429 984 aestimes.
449 927 587 999 conspice
601 925 688 999 igitur

93 998 191 1056 omnia
205 1003 237 1057 et
252 999 364 1071 singula
380 999 435 1055 'am
452 998 583 1070 superius
599 1015 685 1055 enar-

91 1078 156 1129 rata
172 1088 179 1127 ο
196 1071 343 1144 quomodo
362 1070 403 1128 iti
424 1069 565 1128 maledicti
584 1069 686 1127 Domi-

93 1159 161 1200 num
179 1149 296 1210 vexant,
316 1143 403 1198 lalsos
417 1146 505 1198 testes
520 1149 686 1214 procurant,

742 944 804 984 sum
817 944 876 1000 prae
887 931 997 984 cunctis
1008 927 1109 985 merita
1120 929 1331 1000 honorandum,

743 997 860 1070 indigne
881 1005 909 1056 et
935 998 1029 1056 viliter
1053 999 1189 1069 tractari3
1215 1005 1243 1056 et
1267 1017 1332 1058 eum

744 1072 881 1128 imitando
895 1070 973 1128 disce
987 1071 1143 1136 humiliari,
1154 1070 1332 1144 gratiamque

743 1142 861 1198 honoris
876 1158 1020 1212 spernere,
1036 1151 1065 1200 et
1080 1144 1194 1200 laudem
1216 1144 1330 1202 humani

93 1214 188 1287 ipsum
203 1214 380 1281 examinant,
396 1219 425 1270 et
444 1213 600 1282 ceritatem,
614 1212 686 1270 scili·
710 1191 713 1248 ¹
743 1213 849 1270 lavaris
863 1220 1058 1272 contemnere.
1075 1216 1145 1272 Cum
1160 1231 1229 1286 ergo
1245 1216 1331 1272 homo

94 1293 137 1343 ret
165 1303 197 1344 se
227 1285 329 1343 Filium
354 1285 404 1342 Dei
428 1301 489 1342 esse
510 1285 685 1354 conscissum,

94 1358 176 1431 quasi
203 1357 405 1430 blasphemum
432 1357 633 1424 condemnant,
658 1362 687 1412 et

96 1429 240 1502 quomodo
260 1428 422 1502 opprobriis
443 1434 559 1484 vexatus
575 1427 604 1484 in
624 1444 685 1484 orn·

95 1501 178 1559 nibus
200 1499 343 1572 patienter
357 1517 388 1557 se
403 1500 506 1569 habet3
526 1505 554 1555 et
570 1515 685 1572 compa-

95 1577 154 1632 tere
169 1573 236 1641 sibi,
251 1574 320 1644 quia
334 1588 386 1644 pro
401 1579 428 1628 te
442 1570 538 1628 amnia
552 1571 685 1640 sustinet,

94 1644 259 1716 jnaiterque
275 1643 416 1716 lar-cymas
437 1643 570 1706 lundens,
589 1642 686 1716 spaci-

96 1715 260 1772 osissimam
276 1715 377 1771 laciem
392 1715 465 1787 eius,
480 1731 565 1786 quam
582 1714 621 1771 illi
636 1713 686 1770 im-

97 1788 235 1859 pudenter
249 1786 311 1844 suis
330 1786 455 1843 illiniunt
476 1785 578 1858 sputis,
594 1791 625 1843 tu
641 1801 685 1842 re·

99 1865 229 1916 verenter
239 1858 298 1915 tuis
310 1858 524 1930 lavalacrymis.
534 1857 602 1926 Quis
610 1860 686 1915 enlm

98 1933 224 1999 audiens,
241 1930 285 1986 vel
303 1935 398 1986 mente
411 1935 600 2002 pertractans,
616 1945 686 2002 quo·

98 2003 180 2059 modo
206 2001 263 2059 luit
286 2002 377 2058 lactus
402 2004 578 2073 opprobriam
602 2003 686 2057 homi·

98 2090 171 2143 aum,
186 2073 248 2146 ipse
267 2075 404 2130 Dominus
417 2079 445 2130 el
458 2071 549 2200 {laria
563 2073 686 2155 Angelo-

98 2161 168 2214 rum,
184 2154 210 2201 et
223 2145 346 2216 abjectio
361 2146 451 2217 plebis
487 2145 551 2201 ibus
566 2147 615 2202 Der
633 2146 687 2202 Pa·

100 2217 158 2284 tris,
174 2217 283 2289 poterit
297 2233 327 2272 se
345 2215 491 2273 continere
505 2233 522 2274 a
538 2215 689 2288 lacrymis?

101 2288 175 2345 Unde
187 2291 359 2346 anselmus:
373 2311 387 2341 a
397 2287 522 2346 Concilio
533 2289 688 2360 malignan-

101 2358 166 2415 tium
177 2361 331 2418 adversum
346 2365 374 2416 te
386 2359 553 2432 pontillcum
566 2375 689 2431 praesen-

100 2433 171 2487 tatus
185 2449 226 2500 es,
242 2439 275 2490 et
291 2432 440 2489 veritatem
459 2440 544 2504 prout
563 2431 689 2503 oportuit

100 2503 251 2582 consessus,
269 2503 351 2576 quasi
369 2504 405 2560 de
420 2501 596 2585 blasphemia
611 2503 689 2575 adju·

101 2573 205 2632 dicatus
219 2591 252 2633 es
271 2574 365 2632 rnorti.
378 2574 581 2632 Amantissimo
595 2573 688 2630 Dorici·

102 2661 133 2700 ne
153 2647 230 2716 lesu,
247 2652 359 2719 quanta
374 2646 432 2702 illic
446 2645 600 2718 indignae
621 2661 686 2718 pro·

102 2715 159 2842 pria
176 2725 261 2790 gente
279 2717 420 2790 pertulisti
443 2718 449 2774 l
474 2717 587 2774 Vultum
606 2724 687 2774 tuum

120 2790 295 2847 onerabilem
311 2793 341 2845 ia
355 2807 435 2861 quem
449 2790 608 2846 desiderant
626 2791 687 2845 Aa·

102 2860 153 2926 peti
165 2865 332 2932 prospicere,
349 2861 397 2933 qui
413 2877 514 2918 opines
529 2861 617 2918 coelas
633 2862 685 2918 ad-

104 2927 196 3000 implet
218 2932 333 3000 laetitia,
356 2941 384 2990 et
406 2950 485 3004 quem
507 2934 689 3004 ἀορνοοηηωι

102 3015 186 3058 omnes
199 3005 305 3061 diuites
318 3006 417 3076 plebis,
434 3004 548 3076 pollutis
564 3005 645 3060 labiis
660 3009 688 3060 et

104 3075 186 3150 sputis
205 3077 441 3148 inquinaverunt,
459 3075 604 3148 sacrilegis
621 3091 687 3132 ma·

105 3144 181 3226 urbas
194 3148 381 3218 caeciderunt,
394 3147 457 3206 velo
471 3153 644 3220 operuerunt
658 3147 687 3202 in

104 3212 288 3289 derisionem
304 3226 375 3277 etta
393 3218 546 3276 [lominum
566 3218 687 3276 univer-

106 3299 141 3341 se
159 3297 307 3360 creature,
327 3298 471 3364 tamquam
486 3306 601 3348 serrum
618 3306 688 3347 con-

107 3359 288 3442 temptibilem
310 3361 601 3435 colaphizaverunt.»
620 3362 686 3430 Sed,

107 3436 135 3510 ut
147 3437 184 3487 att
197 3436 282 3503 deda,
299 3434 362 3507 ipso
376 3433 560 3507 dispensante
575 3432 623 3506 qui
638 3449 686 3504 pa·

108 3503 286 3572 talamannia
301 3522 353 3579 pro
368 3507 451 3564 nobis
464 3513 544 3574 sunt3
560 3512 601 3574 nt,
615 3505 689 3562 sicut

109 3569 200 3631 Petrus
214 3579 346 3635 hortatur
360 3577 472 3634 Christo
487 3577 612 3634 incarne
626 3593 688 3649 pas·

109 3655 147 3710 so,
161 3661 211 3704 nos
226 3650 328 3708 eadem
344 3648 517 3717 cogitatione
531 3665 687 3716 armemur,

108 3717 185 3798 {tique
203 3721 238 3778 ad
256 3721 406 3779 toleranda
424 3738 474 3792 pro
492 3720 607 3778 nomine
627 3720 688 3792 ejus

108 3797 261 3849 irrisionum
296 3793 450 3866 opprobria
480 3807 686 3865 praeparemur.

109 3854 190 3934 iudai
207 3863 252 3934 qui
268 3864 412 3922 Christum
427 3863 603 3932 deluserunt,
619 3862 687 3919 olim

105 3939 135 3982 m
150 3928 294 3992 Philistaeis
308 3935 439 3992 hostibus
452 3935 599 3992 samsonis
613 3951 687 4007 prae-

110 3993 214 4067 figurati
234 4009 355 4064 luerunt.
377 4009 497 4065 Samson
515 4005 591 4063 enirn
611 4022 688 4079 qua-

112 4067 170 4126 dam
190 4075 247 4134 vice
270 4079 429 4136 voluntarie
450 4095 481 4136 se
502 4077 584 4151 ligari
609 4077 686 4146 lecit,
711 4098 713 4154 ι

112 4147 686 4220 luenrnitlstaeicaptumexcecaverunt,

113 4213 174 4270 etei
190 4217 336 4279 illudentes
357 4226 384 4280 in
403 4221 576 4280 derisionem
596 4220 687 4293 ipsum

113 4279 280 4366 habuerunt5
296 4294 337 4352 sic
351 4293 481 4352 Christus
495 4301 596 4366 sponte
610 4309 628 4351 a
640 4295 655 4351 J
659 4311 687 4348 a·

115 4349 177 4414 deis
189 4360 390 4438 ligari,velsri,
403 4365 483 4424 illudi
496 4363 585 4423 voluit
598 4371 627 4424 et
640 4363 688 4422 de·
711 4407 714 4438 ,

742 1284 811 1342 loris
825 1284 923 1342 ridens
935 1292 1047 1356 reputat
1058 1291 1086 1344 te
1098 1286 1181 1343 vilem
1197 1289 1226 1343 in
1241 1286 1332 1344 oculis

742 1356 810 1422 suis,
823 1363 853 1414 ω
867 1357 949 1414 vilem
960 1364 987 1414 te
1003 1364 1104 1427 reputa
1117 1357 1147 1414 in
1160 1357 1248 1415 oculis
1262 1358 1312 1416 [tei
1324 1375 1332 1428 ;

743 1445 796 1486 nec
807 1444 966 1486 murmures
975 1430 1019 1486 vel
1029 1429 1227 1498 indignerissi
1235 1446 1331 1487 coram

742 1499 905 1557 hominihus
919 1503 983 1558 vilis
1000 1501 1152 1572 reputaris,
1169 1503 1219 1558 sed
1241 1501 1331 1572 magis

743 1570 771 1628 in
787 1569 876 1630 ocuh's
891 1574 952 1641 Dei,
967 1573 1016 1644 qui
1030 1572 1128 1630 omnia
1143 1575 1222 1630 novit
1236 1573 1331 1630 occul-

742 1649 782 1712 ta,
798 1643 993 1702 conlaudaris.
1010 1647 1042 1700 Et
1056 1661 1124 1702 care
1141 1661 1177 1702 ne
1191 1644 1330 1702 malarum

742 1715 870 1787 exernplo
888 1721 1048 1788 corruptus,
1069 1715 1219 1774 [lominum
1239 1719 1333 1788 potiu’s

743 1786 886 1844 exhortari
903 1786 1037 1855 videaris,
1052 1804 1138 1860 quam
1155 1787 1270 1856 imitari,
1283 1787 1332 1860 qui

743 1859 820 1916 enim
835 1868 901 1915 tunc
913 1860 1077 1918 exhortatus
1092 1867 1135 1916 est
1150 1859 1333 1932 blasphemiis

743 1931 907 1987 ludaeorum
924 1937 953 1988 et
969 1931 1139 2001 infidelium,
1157 1931 1333 1988 etiamnunc

744 2006 909 2058 exhortatur
928 2001 1041 2060 vesanis
1059 2001 1221 2075 opprobriis
1240 2002 1332 2060 laiso-

744 2089 806 2130 rum
823 2074 1060 2142 Christianorum,
1073 2081 1103 2130 et
1119 2077 1332 2130 nominetenus

745 2143 882 2213 lidelium,
922 2154 986 2200 rout
1001 2161 1087 2216 supra
1102 2144 1132 2200 in
1147 2143 1273 2201 articulis
1292 2145 1333 2200 il-

745 2215 886 2273 lusionum
901 2161 1064 2288 liujnsmodi
1081 2222 1124 2272 est
1141 2221 1256 2272 tactum.
1272 2217 1331 2274 Co-

743 2287 803 2358 gita
824 2287 910 2344 etiam
933 2287 1055 2358 qualiter
1077 2287 1212 2344 dolebant
1232 2291 1331 2344 t'etrus

744 2368 773 2415 et
786 2361 920 2429 loannes,
933 2359 994 2415 hac
1008 2358 1209 2432 percipientes,
1219 2358 1263 2416 vel
1277 2358 1332 2416 ior·

745 2439 773 2488 te
788 2429 927 2489 videntes.
995 2495 999 2506 Ι

784 2526 813 2576 ¹7
831 2505 953 2560 Ncabrro
967 2521 1048 2561 ηηηιη
1062 2505 1155 2562 Parsa.
1173 2533 1205 2545 -
1221 2503 1330 2561 sauta-

745 2589 809 2632 men
828 2575 863 2631 de
880 2576 963 2632 Petro
982 2576 1085 2632 dicitur
1100 2575 1176 2648 quod
1195 2576 1254 2646 jans
1270 2581 1328 2632 tor-

745 2662 815 2717 pens
827 2645 931 2718 frigore
942 2647 1127 2716 infidelitatis,
1144 2647 1254 2703 sedebat
1268 2663 1329 2703 cum

743 2721 879 2773 ministris
899 2720 937 2774 ad
949 2723 1050 2788 ianam,
1066 2726 1090 2776 et
1109 2719 1288 2788 calefaciebat
1304 2735 1332 2774 se

743 2789 876 2857 exterius,
893 2789 937 2846 cui
962 2791 1040 2847 calor
1060 2790 1188 2848 caritatis
1202 2795 1231 2848 et
1244 2805 1329 2846 serus

743 2859 818 2932 ignis
832 2860 1211 2934 exstinguebanturinterius
1223 2883 1229 2926 ;
1241 2866 1271 2918 et
1284 2877 1332 2916 ne·

743 2939 792 3003 gat
807 2938 851 2989 ter
868 2933 1018 2990 Dominum
1035 2949 1130 3002 suum,
1145 2932 1248 2989 timore
1267 2948 1329 3004 per·

742 3004 870 3060 territus.
893 3005 950 3060 Nec
976 3003 1090 3074 hairum,
1116 3004 1140 3061 si
1163 3003 1273 3062 accedit
1293 3003 1331 3060 ad

743 3091 808 3131 enm
824 3074 956 3146 tentatio,
974 3075 1020 3148 qui
1036 3075 1192 3136 scalonaat
1208 3091 1226 3132 a
1245 3074 1327 3133 Chri·

742 3152 796 3204 sto.
815 3147 908 3203 Primo
923 3147 1037 3219 quidem
1047 3149 1084 3206 ab
1097 3145 1329 3204 ancillaostiaria

743 3218 940 3286 compellatur,
954 3223 982 3275 et
998 3226 1092 3288 negat.
1112 3219 1178 3276 Cam
1197 3223 1265 3274 esset
1278 3219 1329 3274 Pe·

743 3295 802 3344 tras
816 3292 846 3344 ia
857 3293 930 3345 atrio
940 3291 1076 3358 deorsum,
1084 3291 1159 3345 uenit
1168 3306 1224 3345 aaa
1232 3305 1267 3343 ec
1279 3305 1330 3344 aa·

743 3363 817 3417 cittis
826 3364 927 3417 mmmi
935 3361 1118 3417 sacerdotis...
1131 3362 1224 3416 diceas
1236 3376 1243 3416 :
1255 3362 1290 3416 Bt
1301 3365 1331 3416 ta

743 3449 804 3489 cam
815 3435 879 3490 lesa
890 3433 1088 3500 Galilaeorum
1104 3437 1134 3488 at
1147 3433 1196 3488 ille
1206 3433 1330 3500 aeqaoit,

743 3521 834 3562 coram
846 3505 971 3561 omnibus
980 3505 1089 3562 diceas:
1105 3503 1330 3575 Nescioquoddi-

743 3579 792 3632 cis.
810 3577 890 3634 Unde
903 3577 1069 3646 daecanus:
1086 3596 1099 3628 a
1118 3575 1206 3634 Unius
1219 3574 1330 3632 ancillae

744 3663 812 3704 vace
827 3663 990 3721 percussus,
1003 3647 1071 3705 dum
1086 3659 1208 3705 mortem
1223 3645 1330 3715 timuit,

743 3721 831 3776 vitam
846 3719 971 3792 negarit.
986 3739 1001 3772 a
1026 3719 1081 3777 Sed
1099 3736 1151 3776 cur
1172 3719 1209 3775 ab
1224 3717 1332 3776 ancilla

742 3790 823 3920 Erius
837 3792 1099 3863 prodatarPetrus,
1112 3805 1197 3862 quam
1211 3789 1331 3846 avirisi

768 3879 804 3919 na
823 3861 895 3918 ratio
906 3862 994 3918 estad
1011 3862 1240 3919 confutationem
1258 3877 1331 3934 prae-

743 3932 930 4004 sumptionis:
948 3937 1015 4006 qula
1028 3950 1045 3990 a
1056 3934 1185 3999 muliere,
1199 3949 1257 3990 non
1267 3931 1331 3990 avi-

743 4021 790 4074 ro;
804 4005 840 4062 ab
855 4004 969 4074 ancilla,
989 4022 1046 4062 non
1059 4022 1076 4063 a
1090 4005 1179 4063 libera
1189 4005 1281 4078 primo
1294 4002 1334 4059 vi·

744 4083 806 4133 ctus
820 4085 872 4133 est.
890 4077 1021 4134 Secunda
1034 4076 1108 4134 ratio
1125 4082 1179 4145 est,
1193 4080 1222 4132 ut
1235 4085 1330 4150 ostem
1357 4125 1359 4129 .

744 4148 828 4206 datur
842 4147 936 4205 omnis
949 4165 1033 4206 serus
1046 4158 1073 4206 ct
1089 4147 1214 4204 conditio
1237 4146 1265 4203 in
1281 4147 1332 4203 Da·

745 4219 956 4292 minipeccasse
971 4237 1050 4288 nece,
1061 4226 1090 4278 et
1099 4219 1200 4276 redimi
1210 4234 1262 4290 per
1271 4217 1332 4298 ejus

745 4290 920 4350 Passionem.
939 4296 973 4350 Et
990 4291 1094 4350 deinde
1115 4297 1180 4365 post
1202 4295 1329 4369 negatae·

743 4380 818 4433 nem,
834 4363 938 4424 timens
948 4365 1050 4422 Petrus
1062 4363 1136 4420 inter
1148 4361 1262 4420 tudaeos
1277 4359 1326 4416 dm
