2974 5040
189 441 233 503 tiit
525 445 682 504 SECUNDAE
709 445 828 503 iiiiii
856 444 959 500 uitur
987 441 1078 498 tilii

189 559 217 612 et
239 551 425 626 derisionem,
445 555 500 614 hoo
521 557 588 615 boni
617 553 771 616 Christiani

190 633 357 686 convertere
370 629 478 688 debent
491 631 527 686 ad
543 627 644 687 Christi
658 635 686 686 et
699 631 772 686 Sari-

189 705 300 758 ctorum
316 701 488 772 praeconium
500 706 529 758 et
541 701 680 758 honorem
694 719 700 770 ;
720 699 772 756 sic·

186 779 217 829 ui
232 772 337 828 multos
360 771 434 830 ritus
468 771 604 844 aganicos
617 771 771 830 Christiani

188 847 359 900 converiunt
369 845 405 901 ad
416 789 522 900 auitum
534 843 635 900 liei-
645 845 770 901 Tertium

187 915 388 972 documentum
404 921 457 986 esi,
473 915 551 988 quod
565 915 680 984 caritas,
693 931 769 988 quae,

186 986 342 1067 secundum
357 987 566 1056 Aupustinum,
591 985 771 1115 significatui·

187 1073 239 1130 per
253 1062 378 1114 tumeam
390 1056 604 1126 inconsutilem,
633 1057 699 1115 ividi
712 1075 771 1116 non

189 1133 293 1201 potest,
310 1145 373 1185 cuni
389 1129 770 1202 ipsaccterasvirtutescou·

187 1203 292 1256 nectet.
309 1201 392 1270 ltein,
406 1202 481 1272 quod
497 1217 581 1258 nemo
597 1201 683 1259 debet
695 1200 770 1258 schi-

192 1275 282 1327 smate
299 1269 429 1328 dissuere
451 1289 551 1342 unam,
568 1279 707 1339 sanctam,
723 1289 770 1330 ca·

187 1341 323 1400 tholicam
352 1347 380 1400 et
402 1344 585 1418 apostolicam
606 1343 768 1414 Ecclesiam,

190 1429 253 1485 que
280 1413 310 1471 in
332 1431 419 1472 unum
446 1431 547 1472 omnes
572 1415 769 1488 colligitque

189 1485 274 1542 etiam
309 1501 341 1543 er
360 1485 485 1544 tunicam
509 1487 712 1544 inconsutilem
733 1486 769 1544 si·

183 1503 345 1628 gnificaiur.
373 1561 493 1632 Propter
513 1560 592 1630 quod
615 1557 713 1628 eiiam,
726 1575 768 1615 se·

189 1631 316 1686 cundum
342 1631 578 1700 chrysostomum,
602 1646 659 1686 non
684 1634 769 1702 caput

186 1699 298 1757 Christo
314 1706 480 1772 amputatur
498 1699 658 1770 elioenai,
674 1717 767 1772 neque

188 1775 284 1828 sectus
299 1775 342 1826 est
364 1775 394 1826 ui
410 1771 509 1840 isaias,
529 1777 561 1827 ut
575 1787 677 1842 corpus
691 1772 767 1830 inie-

153 1864 158 1880 ·
186 1855 269 1914 grum
285 1845 314 1897 et
326 1839 499 1898 indivisibile
515 1842 600 1900 morti
619 1850 722 1913 servet,
739 1851 768 1902 et

185 1928 242 1968 non
256 1912 306 1969 liat
317 1911 429 1970 occasio
440 1913 600 1971 volentibus
613 1915 767 1980 Ecclesiam

184 1981 322 2042 dividere.
342 2014 375 2029 -
400 1983 443 2043 hd
472 1986 706 2044 conformandum
736 2004 767 2046 se

186 2056 252 2113 huto
278 2053 409 2128 articulo,
425 2056 597 2130 imaginetur
616 2061 701 2116 hoino
717 2076 766 2116 eii-

184 2129 279 2202 empla
290 2129 403 2198 {Christi
428 2135 458 2188 et
487 2131 658 2188 Sanctorum
684 2127 766 2204 quasi

184 2203 315 2272 quedam
336 2201 461 2274 pretiosa
485 2202 674 2273 vestimenta,
703 2217 767 2274 quae

182 2271 355 2345 participare
371 2281 507 2346 quantum
528 2287 690 2400 possumus,
706 2279 766 2331 stu-

184 2343 315 2412 deamus,
332 2349 360 2399 et
372 2348 411 2400 sic
428 2350 490 2400 oret
507 2361 513 2400 :
546 2361 603 2413 esu,
618 2347 668 2416 qni
683 2349 767 2402 uesti-

185 2419 341 2469 mentetua
359 2417 432 2470 inter
448 2417 624 2486 mueifieores
650 2421 710 2472 tuos
725 2419 767 2472 di·-

183 2486 254 2552 ui'dt,
271 2488 493 2556 superlunarem
511 2491 602 2541 nutem
622 2491 698 2542 tuom
716 2491 767 2544 in-

185 2556 347 2610 consutilem
374 2560 474 2610 sortem
488 2558 564 2612 mitti
586 2558 709 2625 uoluisti,
729 2559 768 2615 da

184 2625 256 2682 mini
270 2626 432 2682 Sanctorum
446 2631 554 2682 tuorum
568 2629 695 2700 eucinplo
706 2645 767 2686 oum

183 2695 378 2752 mundatorum
391 2697 566 2753 obseruantia
576 2703 764 2774 participare,

182 2771 209 2824 et
217 2769 361 2824 caritatem
369 2769 549 2840 horterisque
557 2773 690 2828 unitatem
701 2787 769 2829 sein-

178 2855 231 2912 per
242 2841 378 2909 inteprnm
392 2857 560 2897 consciuere.

221 2915 253 2968 18
269 2913 466 2970 lmunenrinus
487 2915 625 2971 Cenisrnn
639 2932 668 2971 iri
683 2931 767 2972 cnucs

184 2999 289 3047 oninaii
306 2984 432 3041 siniensi
446 3015 482 3028 -
494 2989 530 3042 nt
550 2988 673 3042 sedentes
685 2987 767 3059 iuxta

183 3070 298 3111 crucem
321 3055 471 3112 emundant
497 3073 547 3113 seu
573 3058 768 3115 observabant

188 3143 259 3198 euin,
270 3128 386 3198 quando
401 3125 568 3212 exspiraret,
582 3133 609 3186 et
621 3145 657 3186 ue
670 3131 768 3187 evade·

185 3201 240 3271 ret,
258 3198 302 3256 vel
317 3215 353 3257 ne
368 3198 472 3271 aliqum
487 3216 552 3258 euin
572 3203 606 3258 de
626 3217 709 3258 cruce
723 3199 766 3256 vi·

182 3287 248 3328 vum
263 3271 429 3344 deponeret.
440 3273 474 3330 Et
486 3273 526 3331 sic
538 3272 673 3330 volebant
685 3287 766 3330 suam

182 3343 380 3415 impotentiam
395 3344 560 3414 ostendere,
576 3361 608 3401 ac
627 3343 650 3402 si
670 3343 766 3416 impe-

182 3413 293 3470 ditusa
312 3413 475 3471 custodibus
494 3431 553 3471 non
572 3419 665 3488 posset
681 3431 711 3471 se
723 3417 767 3486 jn·

181 3499 259 3540 vare.
285 3483 338 3540 Uhi
360 3487 543 3556 Hieronymus
559 3503 568 3540 ε
582 3505 596 3538 ii
613 3484 766 3558 Diligentia

180 3553 303 3610 militum
314 3561 342 3610 et
355 3555 535 3611 sacerdotum
546 3555 629 3612 nohis
640 3556 763 3628 proiicit,

181 3629 213 3681 ut
229 3625 321 3698 major
334 3631 363 3682 et
376 3623 501 3696 apertior
514 3626 689 3700 resurgentis
707 3626 765 3684 vir-

181 3702 229 3752 tus
244 3711 279 3768 ap
301 3702 390 3755 areat.
405 3697 607 3756 »illudebatur
621 3699 766 3772 quippeet

183 3711 377 3852 derideiatur·
391 3767 421 3825 in
442 3785 523 3826 cruce
545 3770 719 3844 anpluribus
737 3777 765 3828 et

180 3838 301 3920 diversis
322 3839 443 3898 arcibus.
460 3841 541 3898 Unde
561 3845 629 3900 noia
645 3842 674 3899 in
689 3841 763 3900 serie

180 3909 282 3966 litterae
297 3915 421 3981 quatuor
444 3911 622 3971 dillerentias
641 3913 762 3972 illuden-

182 3983 252 4037 tium
268 3981 379 4038 Chrlsto
392 3983 422 4038 iii
436 3999 519 4040 eruce
536 4001 543 4040 ε
558 3987 650 4057 prima
660 3993 703 4042 esi
717 4002 762 4042 se·

183 4052 324 4122 dentium,
344 4051 477 4123 quietim
497 4055 701 4126 observabanl;
718 4073 763 4113 se·

180 4125 274 4182 cunda
291 4123 539 4197 pretereuntium,
553 4127 600 4197 qui
616 4143 681 4184 euin
700 4127 762 4184 bla-

176 4197 391 4269 sphemabani;
406 4195 502 4266 tertia,
520 4197 655 4254 stantium
670 4213 763 4254 sacer·

185 4269 285 4327 dotum
299 4275 328 4326 et
341 4266 499 4337 seniorum;
513 4275 623 4340 quarta,
640 4269 763 4340 penden-

176 4344 247 4400 tium
264 4343 418 4398 latronum.
436 4338 762 4412 Peihossignilicaniur

178 4421 300 4484 qiiaiuor
323 4429 430 4485 genera
449 4412 610 4484 hominum,
626 4411 761 4470 virtutem

827 553 1154 694 tiliiiliililiir
1167 565 1215 696 il
1228 549 1414 680 tilitilh

801 698 873 755 iuis
898 698 1068 767 intendunt;
1098 699 1127 754 in
1149 695 1414 769 praetereuntibus,

801 754 803 827 i
827 769 922 842 cupidi
938 774 965 826 et
981 771 1069 852 avari,
1083 767 1132 844 qui
1147 767 1361 850 praetereuntia
1375 783 1416 822 sc-

800 854 803 919 i
826 847 963 914 quuntur,
979 845 1007 897 ei
1021 857 1094 897 viam
1102 846 1225 968 gustitire
1240 843 1416 912 praetergre·

827 917 960 983 diuntur;
973 911 1098 970 instanti
1121 927 1166 980 ue,
1181 909 1304 982 superbi
1317 915 1347 968 et
1363 909 1417 966 ela·

825 983 858 1054 ti,
882 983 930 1056 qui
957 988 1034 1042 siant
1062 999 1112 1055 per
1138 981 1301 1055 appetitum
1320 981 1413 1038 excel-

826 1055 939 1128 leutiae;
958 1057 986 1112 in
1007 1054 1207 1138 pendentibus,
1224 1052 1414 1125 impatientes

826 1133 855 1186 et
873 1128 1019 1201 querulosi
1034 1127 1069 1183 de
1085 1125 1271 1183 adversitate.
1289 1123 1415 1194 Quibus·

826 1200 891 1256 dam
915 1215 984 1271 ergo
1005 1197 1170 1256 sedentibus
1187 1201 1300 1253 eleum
1314 1197 1415 1252 obser-

825 1271 967 1340 vantibus
985 1269 1032 1328 alit
1047 1273 1241 1341 pretereuntes
1253 1267 1353 1350 juxta,
1367 1283 1416 1340 per

826 1342 912 1414 viam,
925 1343 980 1398 hoc
992 1339 1174 1412 estvulgares
1187 1341 1326 1396 homines
1340 1355 1417 1395 circa

826 1415 919 1472 locum
935 1414 1026 1470 crucis
1040 1417 1221 1469 transeuntes
1238 1416 1271 1466 et
1285 1427 1416 1468 concur-

825 1493 931 1556 rentes,
946 1484 1172 1558 lilusphemobant
1184 1498 1257 1550 eum,
1274 1489 1416 1538 maumites

825 1561 919 1630 sopite
942 1573 994 1612 sua
1018 1555 1049 1613 iii
1072 1557 1185 1628 signum
1209 1553 1373 1624 irrisionis,
1393 1559 1417 1609 ei

826 1631 956 1696 dieentes,
977 1625 1199 1712 improperando
1213 1643 1224 1708 ¹:
1244 1627 1321 1694 Voti,
1338 1623 1416 1754 guod

826 1707 870 1758 est
890 1699 1051 1772 interjectio
1074 1697 1247 1768 insultantis,
1266 1712 1322 1754 seii
1360 1713 1416 1752 eri-

825 1771 920 1828 deuiis
946 1777 974 1829 ei
994 1769 1208 1836 subsannantis,
1223 1771 1277 1842 qui
1291 1769 1418 1824 destruis

825 1845 955 1916 temptum
967 1841 1109 1912 Dei,sicui
1118 1840 1224 1909 dixisti,
1238 1845 1263 1896 et
1280 1841 1417 1898 inti-idun

825 1915 898 1971 illud
909 1915 1071 1986 reaedificas,
1086 1911 1191 1969 virtute
1205 1917 1267 1983 tua,
1284 1927 1354 1984 quae
1371 1927 1417 1983 ap·

824 1991 906 2060 paret
923 2001 998 2042 nuuc
1012 1991 1108 2042 tamen
1124 1982 1248 2040 infirma.
1265 1985 1417 2058 Repetunt

825 2057 1045 2116 diciaialsorum
1058 2054 1186 2124 testium,
1195 2059 1224 2112 et
1235 2052 1279 2112 eis
1293 2069 1416 2111 concor·

824 2129 894 2186 dent
908 2129 955 2201 qui
975 2129 1028 2185 sibi
1051 2126 1239 2200 imponebant
1261 2125 1344 2200 quod
1360 2126 1416 2182 hoe

824 2199 944 2270 dixerat,
960 2199 1010 2256 sed
1025 2201 1080 2256 hoc
1094 2199 1198 2256 salsum
1209 2205 1282 2254 erat.

863 2295 894 2346 19
912 2273 969 2330 Cun
987 2273 1111 2328 Donisus
1128 2287 1163 2327 ns
1178 2287 1260 2327 cnucii
1278 2286 1338 2326 riori
1361 2285 1415 2326 nr-

825 2361 970 2400 scnvneiiir
979 2342 993 2398 ‘l
1003 2345 1158 2400 -Solvum
1167 2344 1215 2410 sac
1225 2345 1412 2424 temetipsum,

824 2415 928 2473 virtute
945 2415 1080 2486 quamde
1096 2421 1124 2470 te
1140 2411 1305 2486 praedicasti
1322 2429 1350 2468 in
1365 2427 1413 2486 po·

825 2492 927 2545 testate
942 2485 1133 2544 reaediiicandi
1144 2484 1414 2552 templumdesoeu·

825 2559 891 2615 dens
906 2559 939 2614 de
951 2573 1039 2624 cruce,
1054 2557 1103 2629 qui
1120 2555 1309 2628 promittebas
1333 2563 1362 2611 te
1384 2555 1412 2610 in

824 2631 920 2687 triduo
943 2629 1081 2702 templum
1094 2627 1284 2684 reedificare.
1298 2628 1334 2684 Ei
1357 2625 1412 2682 iic·

825 2717 888 2759 rum
902 2700 1036 2758 dicebant
1050 2717 1057 2756 ι
1070 2702 1103 2758 Si
1127 2701 1218 2756 Filius
1232 2700 1284 2755 Dei
1308 2713 1348 2764 es,
1363 2699 1412 2754 de·

825 2775 921 2830 scendo
933 2773 967 2828 de
982 2788 1069 2842 nuce,
1087 2771 1115 2830 id
1129 2775 1173 2828 est
1184 2771 1208 2826 si
1220 2775 1317 2843 potes,
1334 2785 1412 2826 aino·

827 2861 859 2902 ve
872 2844 987 2901 dolores
1010 2859 1082 2916 quos
1108 2841 1243 2900 sustines.
1260 2841 1348 2912 Quasi
1364 2841 1408 2897 di-

825 2921 923 2972 cerent
937 2933 944 2974 :
960 2917 1021 2972 Non
1044 2919 1135 3042 gotes,
1160 2929 1194 2970 eii
1220 2929 1277 2986 quo
1299 2905 1410 2970 iiilsiias

825 2991 874 3043 tua
892 2993 987 3060 patet;
1011 3001 1041 3043 se
1080 2987 1196 3042 mentita
1213 2989 1255 3040 est
1272 2987 1411 3056 iniqnitas

824 3059 890 3122 sihi.
908 3057 971 3129 plus
988 3058 1063 3114 enim
1075 3057 1141 3114 iecit
1154 3057 1189 3112 de
1201 3055 1356 3128 sepulchro
1370 3072 1411 3112 re

825 3129 979 3202 surgendo,
991 3143 1076 3201 quam
1093 3128 1206 3185 lecisset
1221 3127 1256 3184 de
1267 3125 1410 3184 crucede·

824 3199 996 3258 scandendo.
1008 3199 1087 3256 Unde
1103 3199 1286 3268 Grepoitussi
1297 3199 1326 3256 Si
1342 3205 1408 3255 tunc

825 3271 861 3330 de
881 3287 963 3330 cruce
983 3270 1188 3338 descendisset,
1205 3269 1343 3328 nimirum
1359 3269 1408 3326 in-

825 3341 1408 3414 sultantibiiscedens,virtutemnobispa·

824 3413 933 3472 tientiae
952 3429 1010 3471 non
1029 3413 1267 3470 demonstrasset.
1286 3413 1343 3471 Sed
1356 3429 1408 3470 ex-

824 3485 962 3559 spectavit
982 3484 1137 3556 paululum,
1153 3484 1289 3541 toleravit
1303 3500 1406 3558 oppro-

824 3557 897 3626 bria,
910 3555 1056 3614 irrisiones
1068 3553 1212 3626 sustinuit,
1221 3561 1407 3628 servavitpa·

824 3627 963 3698 tientiam,
986 3627 1152 3756 distulitpue
1170 3628 1407 3684 admirationem.

823 3702 858 3758 Et
871 3699 921 3773 qui
938 3701 973 3756 de
992 3715 1076 3756 eruce
1121 3698 1276 3756 escendere
1305 3697 1407 3768 noluit,

823 3772 858 3828 de
874 3771 1025 3846 sepulchro
1050 3769 1214 3828 resurrexit.
1232 3770 1303 3828 Plus
1321 3770 1408 3844 igitur

822 3841 876 3900 luit
904 3845 939 3900 de
958 3841 1109 3915 sepulchro
1135 3855 1297 3912 resurgere,
1323 3856 1407 3914 quam

822 3915 858 3971 de
873 3930 956 3971 cruce
973 3913 1163 3984 descendere;
1178 3913 1243 3985 plus
1265 3912 1320 3970 luit
1335 3928 1407 3970 mor

822 3990 880 4042 tem
900 3985 1076 4058 resurgendo
1091 3985 1247 4054 destruere,
1262 3999 1352 4057 quain
1367 3983 1406 4040 vi·

822 4061 880 4114 tani
910 4055 1110 4114 descendendo
1136 4070 1263 4114 servare.
1290 4075 1306 4110 n
1337 4054 1407 4114 vide

821 4129 919 4200 eiiam,
945 4128 1101 4186 secundum
1124 4129 1359 4197 Chrysostomnm,
1380 4126 1406 4182 iii

820 4199 914 4256 verbis
935 4199 997 4256 istis
1011 4214 1110 4257 vocem
1137 4197 1263 4256 illiorum
1286 4197 1404 4268 diaboli,

821 4271 963 4342 quomodo
972 4269 1120 4328 imitantur
1129 4283 1228 4327 vocem
1241 4275 1402 4342 paternam.

820 4341 957 4400 Diabolus
970 4343 1084 4400 dicebat
1102 4359 1109 4399 :
1125 4343 1158 4400 Si
1183 4343 1273 4398 Filius
1288 4344 1342 4398 Dei·
1367 4357 1403 4405 es,

819 4417 940 4472 mittete
959 4415 1100 4484 deorsam,-
1117 4418 1145 4471 et
1168 4413 1261 4472 iudaei
1281 4411 1401 4471 dieunt:
