3104 5034
325 451 364 504 bu
392 451 642 512 tssltttrilultn,
672 449 706 502 ti
735 447 843 504 uiuus
870 450 983 505 uultu
1011 451 1176 512 ltltutllls.
1326 461 1370 518 ‘291

134 563 226 618 Mater
251 556 382 615 damnari
406 555 482 612 illins
503 569 580 624 suos,
603 569 728 626 quorum
782 553 926 635 omnibus,
954 559 984 612 ut
1010 557 1116 615 laudes.
1143 561 1289 633 Alioquin,
1315 564 1369 623 nisi

778 631 859 754 {uita
876 627 1024 684 modulum
1041 629 1148 700 ingenii
1170 633 1257 690 nostri
1281 637 1370 694 Deum

133 632 199 702 ipsa
228 629 451 700 Redemptorem
477 625 601 698 genuit?
632 625 729 682 Dulcis

135 705 229 760 Meter
241 699 354 774 rogabit
373 697 484 756 dulcem
505 697 605 754 Filium
632 713 726 766 suum,

156 773 215 832 ium
232 775 359 830 Fratrem
378 775 508 827 nostruin
526 785 533 824 :
554 767 656 826 Filium
677 785 727 836 pro

134 791 214 914 Dios,
227 843 409 918 Unigenitum
424 857 475 913 pra
489 841 642 908 adoptatis.
660 839 727 897 Pius

134 923 231 976 autem
248 916 346 983 Filius,
362 914 485 970 libenter
497 911 595 969 audiet
608 915 726 968 diatrem

133 1005 188 1062 pro
203 987 284 1054 liliis;
311 985 486 1056 Unigenitus,
509 999 561 1056 pro
585 981 629 1039 his
654 999 727 1054 quos

137 1059 294 1132 adoptarit,
310 1057 457 1124 Dominus,
472 1071 521 1126 pro
536 1054 581 1112 his
598 1071 670 1182 {aas
691 1053 726 1110 li-

136 1131 247 1190 berarii
269 1147 307 1187 :o
334 1129 396 1186 haec
421 1129 578 1184 anselmus.
623 1126 726 1183 isulte·

138 1220 202 1260 mus
219 1201 304 1274 igitur
318 1205 347 1258 ct
361 1215 413 1256 nos
428 1197 524 1255 miseri
538 1215 600 1255 cum
615 1199 726 1255 coelico·

138 1274 185 1342 lis,
203 1283 229 1331 et
243 1271 381 1330 creaturis
396 1269 544 1338 universis,
560 1275 645 1342 prout
659 1285 724 1341 pos-

137 1361 249 1413 sumus;
266 1361 299 1402 ac
314 1344 400 1401 talem
413 1349 442 1398 et
455 1345 564 1398 tantam
577 1341 724 1411 Virginem

135 1433 189 1491 pro
209 1421 307 1473 nostro
329 1413 446 1471 modulo
469 1413 587 1470 laudare
607 1413 723 1469 studea-

136 1505 211 1548 mus.
228 1490 307 1545 Unde
321 1489 513 1554 Hieronymus,
532 1484 568 1540 ad
591 1485 652 1541 haec
671 1499 725 1541 nos

136 1575 294 1633 provocans
319 1563 346 1614 et
373 1556 508 1625 invitans,
534 1554 609 1612 inter
630 1560 725 1613 cetera

136 1632 177 1690 sic
190 1631 231 1689 ait
247 1647 254 1687 :
271 1650 286 1684 ii
304 1628 412 1687 Idcirco
427 1626 564 1685 laetamini
579 1633 608 1684 et
623 1628 722 1684 lauda·

135 1709 181 1765 te:
196 1701 273 1776 quia,
288 1700 310 1757 si
338 1702 427 1760 Deum
442 1715 492 1756 ore
530 1698 675 1770 rophetico
695 1701 723 1755 in

139 1774 199 1832 suis
215 1773 324 1832 Sanctis
342 1772 460 1830 laudare
474 1715 618 1841 juDemur,
635 1769 724 1827 molto

137 1845 228 1918 magis
244 1844 352 1903 eumin
369 1845 423 1900 hcc
438 1843 601 1899 celebritate
616 1842 723 1899 beatis-

138 1917 218 1976 simae
238 1915 374 1988 Virginis,
396 1916 495 1971 Matris
519 1915 591 1986 ejus,
611 1920 725 1985 oportet

137 2005 201 2048 cum
225 1988 340 2061 hymnis
366 1991 394 2042 et
418 1984 537 2043 canticis
558 1983 724 2056 diligentius

138 2059 284 2129 extollere,
301 2065 329 2116 et
344 2058 439 2129 dignis
451 2059 507 2113 Deo
515 2055 639 2129 jubilare
652 2072 724 2128 prae·

138 2133 238 2202 couiis,
253 2147 287 2188 ae
302 2129 426 2202 mysticis
440 2129 584 2185 honorare
599 2130 724 2185 muneri·

138 2205 201 2263 hus.
217 2203 290 2260 Nulli
306 2200 423 2259 dubium
437 2200 602 2272 quinlotum
614 2199 650 2256 ad
665 2201 725 2272 glo·

136 2278 209 2334 riam
223 2274 316 2332 laudis
333 2275 393 2356 eius
418 2271 568 2344 pertineat,
585 2271 723 2343 quidquid

139 2347 224 2421 digne
239 2346 380 2404 Genetrici
396 2359 455 2401 suae
465 2343 628 2415 impensum
640 2343 724 2399 luerit

136 2436 169 2477 ac
183 2417 358 2476 solemniter.
374 2416 504 2472 Proiecto
526 2413 664 2486 quidquid
677 2414 725 2470 hu·

141 2489 233 2548 manis
254 2493 347 2562 potest
363 2486 418 2544 dici
445 2487 550 2556 verbis,
567 2485 660 2542 minus
681 2489 725 2557 cst

141 2577 158 2620 a
176 2562 261 2619 laude
276 2559 350 2626 cceli,
367 2575 424 2631 qua
446 2556 550 2614 divinis
564 2561 607 2614 est
621 2561 649 2614 et
670 2573 723 2613 an-

138 2633 238 2762 gelicis
261 2630 434 2690 excellentiis
458 2629 604 2702 praedicla,
620 2633 648 2684 et
663 2627 723 2684 lau·

59 2720 64 2730 ·
158 2711 205 2762 ala
220 2703 380 2777 preconiis.
399 2703 423 2759 a
440 2700 591 2772 Prophetis
609 2699 722 2771 quidem

137 2776 371 2850 praenuntiatae
394 2773 567 2830 Patriarchis
582 2772 682 2844 figuris
696 2777 725 2828 et

139 2847 338 2921 anigmatibus
351 2845 532 2920 praesignata,
546 2845 581 2900 ab
595 2845 724 2914 liiangc·

139 2919 212 2977 listis
230 2918 355 2976 exhibita
374 2923 403 2974 ct
426 2923 594 2982 monstrata,
610 2915 646 2970 ab
670 2917 726 2970 An'-

139 2993 202 3065 gelo
221 2987 431 3058 venerabiliter,
447 2993 531 3060 alque
546 2984 725 3042 officiosissi-

139 3079 185 3120 me
212 3063 343 3120 salutata.
368 3063 510 3128 Attamen,
529 3057 581 3115 etsi
604 3058 639 3114 ad
663 3057 724 3113 haec

139 3151 224 3192 nemo
239 3133 358 3190 idoneus
372 3130 524 3198 invenitur,
539 3126 612 3185 votis
635 3129 725 3184 omni-

139 3207 191 3264 bus
205 3221 316 3262 cessare
330 3221 385 3262 uon
401 3205 484 3260 debet
504 3200 589 3258 ctiam
605 3199 725 3272 quilibet

138 3283 268 3350 peccator
282 3291 299 3333 a
311 3276 453 3340 laudibus,
468 3271 597 3346 quamvis
611 3287 642 3328 eii
666 3271 724 3328 lere

137 3363 193 3406 nou
219 3354 306 3421 queat
332 3348 408 3420 quod
433 3351 564 3403 sentitur.
591 3287 671 3400 unii
696 3347 725 3399 et

137 3435 229 3478 sermo
245 3418 438 3488 diiinus,cum
450 3419 485 3474 de
499 3421 647 3489 peccatore
660 3429 725 3486 age-

138 3497 182 3548 ret
200 3492 230 3549 in
245 3492 389 3548 Psalmis:
419 3491 602 3560 Sacrificium,
620 3485 723 3558 inquit,

140 3563 232 3620 laudis
260 3561 526 3634 inanimatorum
546 3565 573 3615 ct
597 3560 725 3614 illiciter

138 3653 189 3708 qno
207 3636 352 3692 ostendam
367 3635 413 3689 ilii
431 3634 554 3688 solutore
573 3632 631 3686 Dei.
645 3630 685 3685 hc
700 3627 724 3684 si

138 3711 268 3780 patenter
285 3707 383 3762 dicat:
410 3704 469 3760 lllic
490 3701 545 3758 iter
559 3706 603 3756 est
621 3699 723 3770 laudis,

139 3779 174 3836 ad
194 3779 307 3836 laudem
326 3776 387 3834 sine
403 3777 461 3832 llne
485 3787 650 3829 mansuram
674 3771 723 3827 sed

139 3865 223 3908 nemo
250 3849 439 3921 apprehendit
466 3845 556 3910 illud,
587 3841 641 3899 nisi
671 3857 724 3914 ego

140 3928 406 3994 premonstravero.
420 3919 583 4046 Propterea,
595 3913 726 3986 quiaiier

140 3993 238 4050 salutis
254 3998 360 4050 nostrae
375 3991 405 4048 in
421 3992 467 4046 lau
489 3987 552 4045 ibus
567 3991 610 4043 est
626 3985 724 4043 Salva·

141 4069 220 4134 toris,
235 4067 335 4121 hortor
348 4079 397 4119 vos
407 4067 436 4120 et
446 4057 658 4124 commoneo,in
672 4057 726 4113 bac

792 697 898 754 audarc
926 699 955 781 iu
978 699 1089 757 Sanctis
1110 701 1169 760 suis
1194 707 1368 780 studeamus,

781 770 1038 852 quompdnuipsum
1058 773 1140 844 juxta
1159 775 1368 837 multitudinem

781 841 1182 922 magnitudinisejuslaudare
1191 849 1369 918 poterimus?

780 911 902 968 Omnino
926 913 980 994 hoc
1010 919 1283 984 praetermittendum
1310 939 1369 980 nnn

780 983 1367 1064 est,qondnnpleiniisnmusqoandoqua,

781 1054 936 1111 secundum
951 1059 1026 1126 quod
1041 1057 1248 1117 diciturziicnti
1262 1067 1312 1134 qni
1321 1067 1367 1120 lic-

782 1127 871 1182 bilcnt
884 1129 914 1181 in
928 1127 1007 1183 domo
1023 1134 1081 1194 iun,
1095 1135 1216 1196 Domine.
1231 1136 1261 1190 in
1276 1139 1368 1192 seculo

780 1199 931 1278 seculorum
947 1200 1103 1258 laudabunt
1118 1207 1152 1258 te.
1168 1203 1285 1262 interim
1300 1223 1367 1265 iero

781 1268 848 1340 quia
868 1285 1024 1329 immensos
1045 1283 1098 1342 est,
1119 1275 1196 1357 quod
1223 1293 1289 1334 uoce
1311 1295 1368 1336 non

780 1355 942 1412 possumus,
958 1358 1011 1398 nec
1023 1345 1156 1402 facundia
1170 1348 1306 1415 valemus,
1319 1367 1367 1407 eii-

780 1421 935 1482 sequamur
950 1415 1022 1470 votis
1035 1421 1064 1472 et
1078 1417 1210 1476 medullis
1221 1421 1334 1481 cordis:
1351 1443 1366 1474 o

779 1483 841 1540 baec
855 1486 1047 1554 Hieronymus.

816 1557 831 1611 5
845 1556 954 1637 Fiauiiu
967 1574 1159 1616 assourrionis
1174 1563 1205 1616 B.
1216 1565 1321 1620 biania.
1332 1595 1368 1610 ·-

779 1627 943 1698 Assumptio
967 1629 1059 1687 bealae
1082 1631 1206 1702 Virginis
1227 1634 1278 1692 tuit
1299 1635 1367 1692 olim

779 1697 973 1780 praefigurata,
994 1701 1107 1771 quando
1127 1719 1194 1760 arca
1213 1705 1324 1762 Domini
1337 1707 1366 1764 iii

780 1769 980 1852 domumregis
993 1773 1080 1830 David
1094 1781 1136 1828 est
1144 1779 1294 1834 translata.
1310 1779 1367 1835 Reii

780 1841 868 1898 David
882 1857 977 1898 coram
993 1859 1059 1900 arca
1070 1845 1254 1916 citharizavit,
1266 1855 1293 1905 et
1303 1865 1366 1908 eam

780 1927 843 1970 cum
862 1928 971 1994 magno
985 1915 1078 1986 jubilo
1104 1917 1132 1973 in
1153 1919 1270 1976 domum
1285 1937 1366 1978 suam

780 1983 905 2040 adduxit.
922 1987 953 2040 ln
967 2001 1034 2043 nica
1048 2005 1154 2046 manna
1166 1991 1230 2047 ciali
1241 1994 1367 2050 contiue-

780 2055 882 2136 balur;
897 2059 925 2112 et
936 2058 1199 2132 coiiienienlerpnr
1209 2079 1272 2120 eam
1282 2065 1367 2120 beata

779 2127 866 2198 Virgo
882 2127 1057 2200 designatur,
1074 2131 1140 2202 quia
1155 2149 1256 2202 panem
1270 2136 1364 2206 Ange-

779 2197 882 2262 lorum,
900 2214 984 2279 quem
999 2201 1083 2258 homo
1099 2205 1289 2274 manducavit,
1304 2205 1367 2277 ipsa

779 2275 933 2352 generarit.
950 2271 1073 2328 Arcade
1093 2273 1171 2346 ligno
1191 2276 1295 2332 cethim
1310 2277 1365 2334 im·

779 2341 908 2422 putribili
931 2347 993 2398 erat
1015 2343 1107 2412 lacta;
1133 2345 1261 2417 figurans
1286 2349 1363 2419 quod

779 2414 868 2468 illaria
886 2412 916 2468 in
934 2414 1114 2483 putredinem
1138 2433 1195 2473 uon
1221 2424 1264 2475 ost
1281 2420 1364 2476 reda·

779 2488 833 2540 cta.
852 2485 910 2540 lieri
923 2485 1021 2554 David,
1038 2487 1085 2557 qui
1100 2504 1196 2546 coram
1211 2505 1279 2548 arca
1299 2491 1364 2548 suli-

780 2554 899 2612 siliendo
921 2555 1112 2626 citharizavit;
1135 2561 1240 2633 Regem
1255 2561 1319 2619 coeli
1337 2568 1366 2620 et

779 2633 863 2709 terrra
878 2627 1021 2710 Christum
1041 2631 1241 2702 praefiguravit,
1258 2633 1317 2706 qui,
1334 2641 1365 2691 ut

780 2699 916 2767 creditur,
932 2701 1013 2756 illatri
1032 2717 1091 2758 sure
1115 2705 1303 2774 personaliter
1317 2723 1364 2763 oc·

780 2769 878 2838 currit,
892 2777 921 2825 et
939 2787 1002 2827 eam
1020 2787 1083 2828 com
1105 2790 1209 2845 niagno
1221 2776 1312 2847 jubilo
1334 2775 1364 2834 in

780 2841 1363 2919 domumsuamintroduxit—Assumptio

780 2917 866 2969 etiam
887 2911 982 2993 hieriae
997 2913 1064 2968 olim
1080 2913 1131 2970 luit
1145 2916 1248 2972 Joanni
1261 2918 1290 2974 in
1306 2923 1364 2975 Pa·-

781 2984 875 3039 thmos
890 2983 982 3038 insula
999 2985 1192 3054 praedviirala.
1212 2989 1282 3044 Nam
1301 3005 1363 3047 mu·

780 3053 879 3136 liercm
892 3055 1045 3125 quamdam
1058 3027 1254 3116 admirabilem
1266 3059 1295 3116 in
1310 3077 1364 3118 coe·

781 3125 808 3182 lo
823 3125 946 3207 ridebat,
963 3143 1027 3197 quae
1042 3129 1101 3184 sole
1116 3129 1219 3187 amicta
1241 3137 1316 3200 erat;
1335 3139 1364 3189 et

781 3199 869 3254 lllaiia
879 3197 1052 3254 circumdata
1062 3199 1210 3258 divinitate
1221 3201 1250 3258 in
1262 3203 1363 3260 coslum

781 3269 962 3326 ascendebat.
980 3271 1057 3326 Luna
1080 3273 1132 3328 sub
1162 3272 1280 3343 pedibus
1303 3275 1365 3345 ejus

781 3340 1030 3422 esseliidebalum
1053 3357 1104 3414 per
1129 3344 1204 3413 quod
1228 3351 1365 3416 perpetua

781 3414 922 3469 stabilitas
943 3411 1040 3469 Mariae
1064 3413 1232 3486 designatur
1262 3433 1269 3472 :
1298 3416 1366 3473 luna

781 3483 857 3540 enim
871 3483 1011 3540 instabilis
1026 3489 1078 3553 est,
1094 3491 1122 3542 el
1136 3502 1193 3542 nou
1207 3485 1256 3543 diu
1269 3492 1366 3545 manet

781 3557 875 3626 plena,
890 3559 918 3611 el
943 3555 1073 3627 designat
1089 3557 1235 3626 mundum,
1251 3565 1280 3615 et
1304 3575 1365 3617 om·

782 3627 830 3684 uia
858 3635 989 3696 terrena;
1020 3629 1080 3684 haec
1110 3628 1252 3685 instabilia
1278 3631 1366 3688 illaria

781 3702 976 3766 contemnens,
988 3699 1040 3754 sub
1051 3699 1168 3770 podibus
1180 3701 1365 3772 connulcaiit,

782 3774 810 3826 et
824 3771 858 3825 ad
872 3769 973 3825 ciclum
991 3769 1037 3825 ubi
1049 3773 1146 3827 omnia
1161 3772 1275 3829 stabilia
1288 3781 1364 3843 suut,

781 3839 935 3896 anhelavit.
954 3841 1094 3897 Coronam
1113 3843 1199 3900 ctiam
1219 3843 1248 3900 in
1274 3846 1366 3917 capite

782 3927 833 3968 suo
849 3909 1096 3992 muller-habebat,
1110 3915 1212 3985 quinia
1224 3931 1254 3972 se
1270 3919 1367 3974 stellas

782 3982 1115 4064 duodecimcontinebat;
1129 4003 1235 4044 corona
1247 4003 1366 4053 consue·
1437 3997 1439 4004 ’

781 4059 821 4110 iit
843 4069 906 4110 esse
921 4054 1051 4110 honoris
1075 4056 1199 4128 siguum,
1226 4065 1255 4116 ct
1274 4063 1368 4130 signat

141 4152 222 4194 sacra
240 4135 420 4193 solemnitate
439 4131 583 4205 genitricis
599 4128 648 4185 Dei
667 4129 726 4184 hla-
781 4125 1366 4208 honoremglpiiosaeVirginicondignnm;

139 4208 199 4276 riae,
227 4208 314 4264 nolite
345 4221 457 4264 cessere
484 4219 501 4262 a
527 4201 668 4282 laudibus.
692 4201 726 4282 lit
781 4213 833 4270 per
847 4197 995 4279 duodecim
1013 4199 1110 4256 stellas
1125 4202 1250 4273 Apostoli
1264 4201 1370 4258 intilli-

140 4281 269 4354 quamvis
299 4281 430 4352 spaciosa
456 4277 518 4334 laus
546 4289 605 4331 nnn
634 4275 670 4328 sit
686 4287 727 4354 'in
781 4273 896 4351 guntur,
912 4285 960 4340 qui
975 4269 1005 4328 in
1018 4269 1144 4328 discessu
1157 4275 1252 4329 tlariae
1268 4287 1369 4329 omnes
1401 4311 1403 4314 -

138 4369 186 4410 ore
202 4349 370 4425 peccatoris,
387 4347 445 4406 noli
461 4361 589 4416 cessare;
605 4343 671 4417 quia
684 4358 726 4399 in·
781 4341 897 4398 alluisse
914 4341 1058 4413 dicuntur.
1075 4341 1188 4399 Mulieri
1210 4349 1276 4400 sunl
1295 4343 1376 4400 datu·

141 4425 174 4482 de
203 4421 378 4495 promittitur
403 4420 454 4478 tibi
484 4419 577 4486 venia,
606 4415 679 4472 ande
700 4418 727 4470 ct
782 4411 886 4470 alaead
910 4414 1083 4484 volandum
1100 4429 1151 4486 per
1173 4427 1244 4484 quas
1264 4413 1374 4472 iutelli-
