3124 5038
239 446 391 508 ot'ottoun
421 447 492 498 nou.
521 443 686 498 triintitt
714 446 800 500 sert.
831 445 948 498 nisuir.
977 445 1018 497 tii
1047 441 1136 496 illiti
1164 441 1269 494 tinen.
1321 440 1372 492 tta

137 552 294 622 Apostolus
311 569 317 608 :
336 553 508 607 Desiderinm
521 551 729 607 babensda'ssol·

135 629 180 687 vi,
197 630 221 678 ct
236 639 364 680 esserum
380 624 496 679 Gltristo.
515 621 593 678 Unde
608 623 727 691 Cltrpso-

136 703 246 751 atomus
261 715 269 750 :
286 718 298 744 u
316 693 388 749 Dicit
411 709 490 764 ergo,
512 707 566 763 quo
590 709 647 748 non
674 693 726 764 vis,

135 776 258 838 propter
276 766 433 822 naturalem
454 762 682 832 compassionem
700 781 728 821 a·

135 837 238 905 nimae,
254 853 318 907 qua
346 836 434 892 invita
459 844 607 907 separatur
623 851 641 892 a
658 852 727 892 cor-

134 910 299 980 pore,er
326 911 379 963 boc
401 906 510 963 utiliter
530 906 725 977 dispensante,

136 985 173 1034 ut
201 995 259 1034 non
280 980 360 1035 multi
379 977 432 1034 sibi
460 983 582 1034 mortem
603 977 729 1034 inierant

133 1050 293 1106 violentam
303 1067 310 1106 :
322 1071 336 1100 »
352 1051 413 1105 haee
424 1051 641 1117 chrysostomus.
659 1050 724 1120 Sed,

134 1121 299 1178 secundum
317 1123 514 1190 Anpttsttnum.
537 1127 725 1191 quantacum-

133 1209 196 1262 que
219 1195 256 1248 sit
279 1192 410 1249 molestia
429 1190 533 1260 carnis,
551 1191 635 1248 debet
654 1209 724 1249 eam

132 1263 307 1320 vincereris
321 1263 437 1330 amoris,
450 1279 508 1334 quo
519 1270 631 1320 amatur
646 1263 724 1320 Chri-

133 1343 212 1402 stus,
228 1335 274 1406 qni
293 1335 377 1391 ellam
404 1334 474 1390 mori
495 1333 583 1390 voluit
606 1351 655 1403 pro
671 1350 723 1391 no-

136 1405 203 1470 lxis;
228 1406 293 1476 qnia
320 1405 343 1461 si
369 1407 448 1462 nulla
469 1410 554 1474 esset,
576 1407 619 1461 vel
636 1421 725 1479 parva

131 1477 241 1532 mortis
257 1477 397 1545 molestia,
413 1493 470 1533 non
485 1484 560 1534 esset
583 1481 641 1532 lam
662 1493 722 1534 ma-

130 1564 194 1620 gna
210 1547 337 1619 martyrii
357 1550 457 1620 gloria.
475 1549 554 1605 Unde
574 1555 602 1604 et
621 1550 722 1616 (leopo-

132 1623 215 1674 nius:
230 1639 244 1670 n
260 1621 354 1690 Neque
366 1623 440 1675 enim
456 1619 479 1676 si
493 1618 656 1691 plenissime
673 1624 722 1677 l’e-

128 1697 196 1747 trus
206 1690 363 1773 nollet,pro
374 1691 485 1748 Christo
494 1689 552 1762 pati
567 1691 721 1762 potuisset;

130 1763 185 1816 sed
199 1769 365 1834 martyrium
375 1763 451 1832 quiid
462 1778 514 1834 per
527 1761 722 1818 intirmiurem

131 1833 233 1888 carnis
262 1832 362 1901 uoluit,
383 1849 434 1904 per
458 1838 591 1888 virtutem
606 1833 723 1905 spiritus

130 1903 252 1960 amavit.
264 1903 328 1972 Qui,
340 1904 406 1960 dnm
421 1921 471 1976 per
483 1905 597 1960 carnem
610 1905 645 1960 ad
659 1921 720 1976 poe·

132 1991 190 2032 nas
205 1973 247 2030 ire
263 1976 398 2046 trepidat,
408 1991 459 2047 per
472 1974 601 2046 spiritum
619 1976 723 2046 adglo-

134 2046 210 2102 riam
225 2047 363 2112 exsultat;
385 2055 535 2118 actumque
551 2052 594 2103 cst
610 2052 642 2102 nt
658 2063 721 2103 cru-

133 2118 243 2174 ciatum
273 2117 400 2190 martyrii
430 2117 552 2174 nolendo
576 2117 719 2174 voluisset.

134 2188 184 2247 Sic
198 2205 251 2245 nos
263 2205 375 2260 quoque
390 2205 452 2245 cum
468 2189 602 2260 gaudium
618 2192 721 2260 quaeri-

133 2277 201 2316 mus
214 2263 325 2326 salutis,
338 2276 467 2316 amarum
488 2260 621 2331 poculum
635 2263 720 2317 sumi-

134 2347 202 2388 mus
222 2331 407 2403 purgationis.
420 2331 586 2388 Amaritudo
606 2331 720 2402 quidem

132 2403 165 2458 in
187 2403 288 2474 poculo
313 2401 453 2474 displicet,
469 2402 519 2458 sed
546 2402 722 2460 restituenda

132 2489 188 2546 per
202 2473 422 2530 amaritudinem
434 2474 512 2530 salus
521 2474 622 2545 placet.
632 2475 720 2532 ›xCum

132 2561 205 2616 ergo
222 2544 354 2615 cognovit
370 2543 504 2600 Dominus
523 2545 598 2614 quod
615 2545 721 2616 dilige-

132 2623 252 2672 retura
276 2617 369 2683 Petro,
385 2614 515 2687 praedixit
537 2615 578 2671 ini
600 2615 721 2673 trucium

131 2685 304 2756 dilectionis,
318 2685 424 2743 scilicet
435 2703 569 2743 coronam
580 2687 720 2758 martyrii,

132 2773 191 2829 quo
204 2774 293 2829 agnos
311 2764 339 2813 et
356 2774 422 2814 oves
438 2774 564 2829 pascere,
580 2765 609 2814 et
626 2761 719 2815 Uecte-

133 2829 207 2886 sinm
217 2828 720 2900 multiplicare,etsecaputsequide·

133 2901 224 2957 beret.
240 2902 318 2956 Unde
329 2901 425 2956 Glossa
438 2919 447 2955 ε
461 2922 474 2952 u
487 2901 639 2956 Passurum
650 2917 721 2972 prae-

132 2971 214 3040 dicit,
225 2971 272 3042 qui
287 2978 456 3043 negaturum
470 2971 656 3042 praedixeram
668 2975 720 3028 boc

129 3043 192 3115 J'am
208 3042 322 3114 poterit,
338 3042 446 3098 scilicet
460 3045 517 3114 pati
529 3058 581 3114 pro
594 3043 719 3112 Christo,

134 3113 250 3170 ratione
260 3114 400 3182 firmatus,
412 3113 488 3184 quod
503 3116 651 3169 immature
662 3113 721 3185 pol-

134 3185 275 3241 licebatur
294 3183 435 3242 infirmus.
452 3185 516 3241 lam
538 3200 595 3240 non
619 3183 721 3242 metuit

133 3257 220 3326 hujus
247 3255 311 3312 vitae
339 3255 497 3323 interitum,
525 3255 601 3326 quia,
623 3271 718 3312 resur·

133 3333 220 3400 gente
228 3327 358 3394 Domino,
368 3328 433 3384 xitae
445 3326 563 3384 alterius
574 3326 720 3398 praecessit

133 3397 303 3469 exemplum.
322 3419 335 3450 o
352 3399 430 3454 Unde
445 3405 473 3455 et
489 3399 718 3468 Gbrpsostomms

136 3471 200 3524 «Et
228 3467 362 3525 nimirum
382 3469 436 3525 boc
460 3468 573 3526 volebat
591 3476 620 3526 et
634 3472 718 3540 cupi-

134 3541 213 3610 ebat,
229 3538 334 3596 idcirco
352 3541 378 3596 ei
398 3541 579 3596 manifestum
599 3542 652 3597 boc
672 3541 718 3597 ie-

135 3610 184 3682 cit,
198 3610 266 3683 qxria
277 3611 352 3668 enim
370 3609 440 3668 dixit
456 3628 462 3666 :
479 3613 609 3668 Animam
625 3628 718 3668 meam

133 3697 236 3754 ponant
253 3698 305 3756 pro
320 3688 365 3750 te;
384 3687 436 3738 et:
457 3681 572 3738 Etiamsi
595 3690 719 3754 oportu-

134 3755 189 3809 erit
205 3751 338 3810 memori
354 3761 457 3820 tecum,
474 3769 531 3808 non
550 3759 576 3808 te
596 3755 717 3824 negabo,

133 3824 213 3881 dedit
226 3823 251 3880 ei
267 3824 343 3896 quod
356 3824 546 3881 desiderabat.
559 3824 630 3890 Quia
642 3825 719 3881 enim

136 3895 473 3967 Petrussempervolebat
482 3911 543 3951 esse
557 3897 583 3950 in
595 3894 719 3967 eis,quae

134 3983 185 4049 pro
199 3983 233 4022 eo
246 3972 338 4036 erant,
353 3967 487 4039 perieulis
503 3983 510 4021 :
525 3966 653 4034 Conllde,
666 3966 717 4048 ait⁸

136 4045 175 4095 xta
190 4041 266 4093 enim
286 4045 364 4094 tuum
391 4039 513 4109 implebo
533 4037 717 4108 desiderium,

135 4113 165 4166 ul
177 4125 303 4180 qnaenon
312 4124 410 4180 possus
424 4107 573 4180 esjnvenis
584 4108 719 4176 existens,

134 4181 188 4238 hoc
198 4187 225 4236 to
240 4188 370 4251 oporteat
381 4179 439 4251 pati
454 4195 551 4236 senem
566 4183 668 4235 lactum
684 4197 690 4234 :
704 4201 718 4229 x

132 4251 194 4308 brec
213 4253 431 4319 cnrpsostomus.
451 4253 508 4307 lioc
528 4257 623 4306 autem
643 4251 719 4322 quod

134 4322 175 4380 ait
190 4340 197 4378 :
214 4323 298 4377 nlius
314 4328 339 4377 te
356 4325 455 4390 stupet,
476 4328 501 4378 et
520 4323 599 4378 ducet
617 4328 652 4385 te,
670 4323 719 4378 de·

133 4393 180 4452 bet
194 4393 356 4466 precedere
380 4393 432 4450 boc
455 4393 531 4466 quod
552 4393 641 4450 dicit:
659 4395 720 4450 Κτ-

788 553 882 608 turdos
899 565 998 606 manus
1018 553 1100 612 tunes
1117 562 1182 604 nam
1206 545 1235 603 in
1251 545 1369 603 alterius

787 622 928 679 cinctione
951 617 1117 693 exprimitur
1139 617 1281 688 impositio
1305 617 1368 673 vin·

786 695 914 750 culorum
932 697 1153 764 apersecntore.
1172 689 1251 771 Unde
1270 691 1368 757 Λαρα-

785 768 875 821 stinus
898 785 906 820 :
928 785 941 816 u
967 763 1114 830 Extendes,
1137 761 1239 832 inquit,
1265 775 1369 816 manus

785 841 857 906 tuas,
873 836 928 892 boc
943 839 985 891 est
999 833 1184 904 crucifigeris,
1201 834 1238 888 ad
1253 832 1305 887 boc
1319 848 1368 888 au·

784 915 842 964 tem
858 913 888 964 ut
900 905 1007 975 venias,
1020 905 1092 962 alius
1108 911 1136 960 te
1155 903 1260 974 cinget,
1275 907 1304 958 et
1318 902 1367 959 du·

785 987 828 1035 ret
842 987 887 1048 te;
904 995 961 1035 nnn
975 978 1051 1034 enim
1063 976 1222 1040 crucifixus,
1239 974 1288 1030 sed
1302 989 1366 1030 cru·

784 1049 942 1122 citlgendus
957 1067 1012 1118 uuo
1032 1048 1121 1106 nollet
1145 1052 1189 1104 est
1207 1046 1309 1102 duetus
1328 1062 1334 1100 ι
1354 1067 1365 1096 ι

784 1122 844 1178 baec
858 1123 1042 1190 Augustinus.
1058 1123 1090 1176 Et
1105 1121 1179 1176 bene
1194 1116 1283 1173 dicit:
1297 1117 1366 1174 Cum

783 1193 927 1260 senueris,
946 1209 1011 1249 nam
1027 1197 1090 1264 post
1104 1196 1226 1262 tempus,
1240 1204 1296 1260 quo
1308 1203 1367 1243 xer·

782 1265 819 1320 ba
832 1263 887 1320 ista
905 1264 1065 1330 dictasunt,
1082 1277 1169 1332 usque
1193 1261 1229 1317 ad
1256 1265 1368 1340 tempus

783 1335 882 1392 mortis
897 1335 984 1404 Petri,
1001 1336 1141 1391 linxerunt
1166 1348 1232 1389 vere
1250 1335 1368 1412 triginta

783 1414 891 1478 septem
905 1408 972 1462 anni
990 1423 996 1461 :
1014 1407 1087 1462 unde
1105 1411 1191 1474 patet,
1207 1403 1283 1474 quod
1297 1407 1366 1458 salis

782 1494 866 1534 senex
883 1484 953 1534 erat.
975 1480 1004 1532 ln
1020 1478 1074 1532 boe
1095 1487 1190 1532 autem
1214 1473 1289 1544 quod
1317 1475 1366 1554 Pe·

782 1553 842 1606 trus
858 1565 921 1604 cum
937 1547 1089 1614 senuisset,
1110 1553 1139 1603 et
1161 1561 1249 1618 prope
1264 1551 1364 1600 termi-

782 1636 848 1676 num
864 1623 929 1675 vitae
941 1620 1001 1691 Jam
1016 1624 1101 1684 esset,
1122 1632 1220 1690 passus
1235 1622 1279 1672 est
1303 1631 1365 1670 mo·

781 1691 892 1748 lestiam
918 1691 1018 1758 crucis,
1036 1689 1152 1762 mystice
1171 1686 1364 1746 sienilicatum

781 1767 835 1831 est,
853 1763 928 1834 quod
952 1769 1015 1835 post
1040 1758 1147 1834 peccati
1169 1757 1365 1814 remi-sionem

780 1840 840 1890 toto
854 1841 980 1906 tempore
997 1833 1060 1890 vitre
1087 1847 1147 1889 sure
1173 1831 1258 1887 debet
1280 1831 1364 1885 bomo

781 1921 831 1975 pro
846 1911 962 1976 peccato
979 1921 1030 1961 sno
1046 1904 1154 1972 dolere,
1171 1909 1199 1958 et
1212 1916 1300 1973 usque
1327 1899 1364 1957 ad

780 1977 934 2032 terminum
955 1975 1019 2033 vitae
1044 1974 1187 2032 miseriam
1213 1975 1362 2029 sustinere.

782 2048 859 2104 Unde
874 2048 970 2104 Glossu
985 2067 993 2102 :
1010 2068 1024 2100 u
1041 2046 1132 2104 Etiam
1154 2045 1280 2101 remisis
1301 2058 1364 2114 pec·

780 2117 859 2186 catis,
871 2119 973 2174 tolerat
983 2115 1229 2184 bomomiseriarn,
1239 2114 1268 2170 in
1278 2128 1364 2185 qnam

780 2205 812 2246 ex
829 2195 942 2260 peccato
965 2189 1058 2258 xenit3
1072 2186 1293 2268 productiorest
1306 2200 1363 2256 poe·

780 2277 817 2317 na
840 2277 924 2332 quam
945 2262 1039 2333 culpa,
1056 2275 1091 2316 ne
1117 2274 1202 2330 parva
1218 2257 1364 2313 videretur

780 2332 871 2402 culpa,
883 2331 906 2388 si
917 2349 981 2388 cnm
996 2333 1044 2388 illa
1057 2329 1225 2387 liniretnret
1239 2344 1332 2400 poena.
1345 2347 1362 2409 ῃ

780 2405 812 2459 ln
827 2407 908 2460 Petro
924 2407 1005 2476 typus
1019 2409 1060 2460 est
1076 2399 1246 2459 secularium
1260 2404 1288 2455 et
1301 2397 1363 2454 relx-

780 2473 924 2544 giosoxnm
940 2494 946 2530 :
964 2474 1099 2531 secularis
1126 2471 1202 2530 enim
1225 2487 1281 2542 qno
1304 2468 1364 2525 vult

779 2545 867 2613 vadit,
886 2545 1017 2603 dominns
1039 2562 1097 2602 suae
1122 2541 1294 2608 voluntatis;
1313 2539 1363 2623 sed

780 2617 942 2688 religiosus,
958 2617 1113 2689 superioris
1139 2613 1273 2686 ligamine
1303 2628 1362 2668 crn-

780 2693 851 2758 ctus,
875 2688 1013 2760 gravitate
1035 2687 1182 2760 religionis
1202 2685 1309 2753 senior,
1334 2689 1363 2740 et

779 2759 955 2841 professione
975 2760 1122 2830 maturior,
1139 2762 1281 2830 praecepto
1302 2771 1362 2811 ma-

776 2832 849 2901 Joris
860 2831 1023 2900 frequenter
1033 2831 1208 2898 duciturque
1222 2843 1278 2882 non
1290 2827 1359 2895 vult,

779 2901 833 2956 nisi
848 2917 898 2973 pro
920 2908 964 2957 ter
976 2899 1145 2958 obedientiae
1158 2899 1290 2954 fructum.
1306 2899 1362 2952 Hoc

779 2977 870 3027 autem
908 2975 964 3027 leit
987 2974 1069 3029 Jesus
1093 2972 1189 3038 Petro,
1202 2971 1363 3038 sipniptcuns

779 3059 836 3113 quc
861 3047 955 3108 morte,
970 3043 1060 3098 crucis
1078 3041 1186 3098 scilicet
1210 3045 1363 3096 moriturus

780 3119 865 3182 esset,
885 3117 914 3170 et
941 3116 1142 3185 clarificaturus
1161 3116 1246 3168 Deum
1272 3115 1362 3166 esset:

780 3185 945 3257 martyrium
961 3189 1038 3242 enim
1053 3183 1129 3241 Petri
1140 3184 1192 3240 luit
1202 3181 1364 3240 ordinatum

779 3257 815 3313 ad
824 3255 943 3328 gloriam
956 3256 1005 3313 Uei
1017 3275 1024 3313 ι
1034 3255 1100 3328 quia
1108 3257 1181 3312 sicut
1191 3269 1226 3310 ne
1236 3253 1363 3322 cingere·

778 3332 827 3384 tur
852 3326 971 3384 vinculis
988 3343 1052 3384 cum
1073 3325 1202 3394 Domino,
1221 3324 1363 3382 Christum
1442 3361 1448 3366 -

779 3398 940 3456 obscuravit
966 3397 997 3454 in
1024 3397 1158 3455 cordibus
1186 3395 1363 3452 audientium

779 3485 830 3540 per
842 3471 1040 3542 negationem;
1057 3472 1097 3526 ita
1110 3466 1287 3548 extendendo
1301 3479 1362 3520 ma-

778 3557 832 3598 nns
848 3540 883 3597 'in
913 3541 999 3598 simili
1017 3557 1099 3598 cruce
1127 3538 1200 3596 sicut
1221 3539 1362 3604 Christus,

778 3611 949 3683 glorillcavit
967 3611 1110 3670 Christum
1129 3627 1181 3683 per
1202 3607 1361 3691 exemplum

778 3683 946 3740 constantie
959 3683 990 3740 in
1020 3682 1148 3739 veritatis
1170 3681 1359 3746 consessione,

779 3755 807 3809 in
827 3754 944 3810 auribus
965 3754 1191 3826 crucifigentium
1209 3757 1361 3807 tortorum.

778 3825 910 3892 Quamvis
924 3824 999 3882 enim
1015 3825 1141 3883 Christus
1157 3840 1213 3880 non
1226 3821 1364 3880 clarifice·

778 3895 866 3952 turin
889 3912 919 3952 se
941 3912 958 3952 a
981 3895 1062 3952 malis
1076 3901 1106 3952 et
1130 3894 1300 3960 inlldelibus,
1315 3898 1364 3948 ta-

779 3983 843 4022 men
863 3967 1037 4023 clarificatur
1051 3966 1178 4039 qnotidie
1203 3982 1255 4038 per
1267 3981 1364 4022 exem-

778 4043 855 4110 plum
871 4038 1013 4108 petientue
1029 4038 1165 4095 asanctis
1184 4043 1213 4094 et
1229 4037 1311 4094 bonis
1327 4035 1363 4090 ll·

767 4109 898 4180 delibus.
914 4111 989 4166 Mors
1004 4125 1072 4181 ergo
1087 4112 1255 4166 Sanctorum
1272 4114 1313 4164 est
1327 4105 1363 4162 ad

778 4179 898 4251 gloriam
915 4180 1031 4248 Cinisti,
1047 4181 1114 4253 qnia
1135 4198 1166 4238 ex
1188 4182 1240 4237 boc
1262 4184 1388 4255 osten-,¹

779 4253 855 4308 ditur
878 4251 1043 4323 pinguitudo
1065 4252 1188 4320 Domini,
1209 4253 1284 4322 qnod
1311 4262 1362 4319 pro

779 4325 840 4394 ejus
854 4330 970 4379 verrtnte
986 4330 1015 4380 et
1030 4323 1087 4380 lide
1109 4322 1203 4381 Sancti
1221 4324 1364 4392 exponunt
1419 4341 1425 4356 ·

780 4409 810 4450 se
825 4394 921 4452 morti.
937 4395 1006 4453 Cum
1021 4395 1095 4451 enim
1112 4393 1153 4449 ris
1168 4391 1275 4449 amoris
1290 4403 1361 4460 gra-
