3124 5038
373 411 413 465 ll!
440 410 590 465 SlBBllTO
617 411 747 474 sistro,
780 413 812 466 lli
839 409 1000 466 PASSIONE
1029 409 1154 463 llOldllll.
1339 406 1383 460 too

156 519 261 577 litate?
279 519 323 576 An
344 521 373 575 ui
387 516 500 574 falleres
518 516 672 582 diabolum,
691 517 739 590 qui
795 519 859 575 bam
881 511 1379 588 odmeipsum,omn1avideliccte-

155 590 280 649 taltendo
295 589 440 648 bominem
451 587 535 661 ejecit
546 589 581 646 dc
594 589 741 656 paradiso?
793 591 878 648 lecta.
894 587 995 647 Omnia
1013 601 1136 669 namque
1159 585 1255 654 traxit,
1272 583 1320 657 qui
1341 584 1376 642 de

155 663 222 732 Sed,
235 661 333 736 utique
344 660 453 718 Veritas
466 660 574 718 nullum
588 661 676 718 fallit:
690 663 739 734 qui
793 661 893 720 electis
913 659 972 718 suis
994 659 1191 741 apudnmicros
1207 657 1320 740 nullum
1338 672 1383 714 rc·

155 735 282 807 ignorat,
308 733 439 802 quinon
468 732 557 788 crudit
580 735 740 803 veritatem,
794 733 974 807 liquit,'quos
993 747 1059 788 suos
1076 747 1105 787 ru
1128 730 1186 786 ilde
1213 735 1241 786 et
1267 730 1379 787 actubus

156 806 221 880 ipse
237 822 268 863 sc
284 805 366 874 tollit,
382 803 430 876 qui
451 803 600 862 veritatem
612 804 698 872 videt,
713 813 741 863 et
793 804 968 878 recognovit.
985 803 1127 874 Esponsis
1151 804 1181 857 io
1200 817 1278 857 creme
1291 802 1381 857 moni·

154 877 227 946 odit,
249 877 292 934 vel
321 874 489 941 contemnit,
512 875 520 932 i
542 893 573 932 sc
596 894 626 934 sc
655 877 738 936 lallit.
796 879 855 948 bus,
874 878 1015 934 earrttotuc
1034 880 1151 944 atsere,
1167 875 1283 930 trocisti
1299 873 1337 928 od
1353 877 1379 929 ie

154 949 270 1008 Veritas
288 953 385 1006 autem
396 947 507 1005 nullum
521 892 603 1005 l'aliit.
612 948 740 1017 Anides,
794 952 896 1021 omnio,
916 963 1012 1022 precor
1033 951 1059 1003 et
1078 947 1185 1004 obsecro
1206 949 1241 1009 te,
1264 945 1377 1015 benipne

154 1026 186 1080 ut
200 1019 261 1094 ipse
276 1020 408 1078 diabolus
421 1036 452 1077 se
468 1019 602 1077 ialtcret?
617 1021 671 1078 Sed
687 1019 739 1078 uti·
794 1025 921 1086 mutae.
945 1021 1004 1076 noti
1022 1034 1065 1075 mc
1085 1019 1224 1074 dimittere
1255 1019 1286 1073 in
1306 1032 1378 1073 ceno

156 1109 213 1166 que
242 1092 315 1150 sicut
333 1091 444 1150 Veritus
466 1092 574 1149 nultum
597 1091 686 1161 lallit;
701 1091 741 1151 ite
793 1093 1097 1165 concupiscentiarum
1124 1091 1203 1147 erate
1219 1104 1262 1146 mc
1279 1089 1318 1144 ad
1339 1094 1376 1161 te,

155 1162 534 1236 nonintenditutaliquisse
545 1163 740 1235 lallat,quam-
793 1171 825 1222 ut
843 1164 1061 1236 eucifiportibi
1078 1167 1104 1218 et
1123 1161 1226 1218 mundo
1240 1165 1377 1226 mortuus,

156 1237 199 1293 ris
212 1237 266 1293 hoc
279 1235 391 1293 dicatur
400 1236 504 1304 iecere,
514 1251 579 1293 cum
589 1235 738 1308 permittit.
793 1237 846 1296 tibi
867 1240 970 1304 uiuam,
988 1238 1082 1292 ciuem
1095 1250 1159 1290 cero
1168 1234 1230 1305 jam
1244 1249 1305 1316 non·
1318 1249 1377 1302 epo,

152 1309 215 1366 lion
229 1306 305 1365 enim
330 1307 507 1375 assumpsisti
528 1307 693 1378 bominem,
709 1313 740 1366 ut
792 1313 873 1366 uiuos
885 1311 1017 1366 antemio
1028 1323 1078 1372 me.
1092 1307 1209 1365 christe.
1220 1304 1379 1362 considero

154 1387 182 1437 te
207 1385 308 1436 notum
335 1378 475 1450 operires,
491 1380 541 1436 sed
560 1385 590 1436 ut
608 1379 738 1452 ignotum
793 1382 839 1439 bic
861 1386 978 1448 attente,
1021 1383 1109 1436 uaota
1127 1377 1179 1436 luit
1199 1376 1303 1436 Christi
1324 1379 1379 1434 be-

152 1449 290 1525 aperires.
308 1453 413 1508 Verum
441 1454 542 1521 Deum,
561 1467 664 1534 ,verum
689 1453 738 1508 bo·
793 1452 919 1526 dignitas
936 1453 966 1510 in
979 1396 1121 1508 inlernum
1139 1449 1179 1507 sic
1194 1447 1377 1519 descendere,

154 1523 263 1581 minem
281 1529 308 1580 te
322 1523 426 1591 dixisti,
440 1529 468 1580 ct
488 1523 623 1596 operibus
647 1531 740 1582 osten·

154 1595 232 1652 disti.
253 1596 308 1651 iles
332 1611 383 1668 per
407 1611 437 1651 se
464 1593 518 1651 luit
538 1595 659 1660 occulta,
680 1611 738 1653 non

155 1666 282 1724 studiose
297 1666 450 1724 occultata.
467 1668 526 1723 tion
544 1666 584 1724 sic
606 1673 650 1725 est
665 1668 739 1725 iacta

153 1744 185 1796 ut
200 1739 435 1802 absconderetur.
449 1737 501 1795 sed
524 1744 555 1795 ut
572 1755 623 1796 suo
639 1739 739 1796 ordine

153 1811 358 1884 perficeretur;
380 1825 432 1867 nec
461 1817 492 1868 ut
514 1810 639 1882 aliquem
666 1812 740 1868 deci·

152 1887 245 1956 peret,
260 1882 310 1938 sed
330 1890 371 1950 ut,
386 1883 631 1954 quemadmodum
657 1899 739 1956 opor-

794 1532 901 1597 quante
911 1527 1026 1593 caritas,
1038 1519 1311 1595 quantobumilitas.
1328 1521 1379 1577 Po-

793 1603 868 1655 terat
880 1599 957 1654 enim
978 1611 1068 1654 unum
1088 1612 1120 1651 ex
1137 1592 1255 1676 Angelis
1267 1589 1332 1649 coeti
1343 1591 1379 1649 ad

794 1686 844 1728 eos
869 1669 993 1732 mittero.
1015 1677 1043 1725 et
1067 1667 1160 1724 iacere
1183 1681 1261 1737 ipsos
1277 1679 1379 1745 'servos

794 1757 860 1799 suos
875 1739 1002 1809 libcrari,
1015 1744 1044 1796 et
1055 1737 1109 1796 sibi
1120 1743 1284 1811 praesentari
1293 1740 1380 1818 prout

794 1813 940 1876 voluisset.
956 1813 1043 1870 siboc
1061 1827 1131 1868 suus
1146 1825 1229 1867 amor
1240 1815 1267 1864 et
1284 1807 1379 1890 humi·

795 1885 861 1942 litas
875 1883 1068 1942 sustinuisset.
1088 1883 1142 1939 Per
1153 1882 1275 1953 seipsum
1289 1878 1325 1936 ad
1336 1895 1380 1936 rn-

152 1955 244 2022 tcbat,
262 1954 355 2011 lieret.
372 1956 405 2011 nt
421 1953 445 2011 si
459 1953 565 2011 dicitur
587 1956 738 2024 occultata,

153 2041 211 2082 non
228 2030 272 2082 est
282 2025 362 2084 ¹eliud
373 2041 469 2098 quam,
479 2042 536 2082 non
549 2031 593 2082 est
606 2028 740 2084 omnibus

152 2097 293 2155 revelate.
309 2099 378 2155 Nem
394 2097 460 2155 etsi
477 2097 589 2155 Veritas
603 2114 660 2155 uon
677 2114 740 2156 om·

152 2169 240 2226 nibus
265 2185 297 2226 se
320 2169 494 2235 manifestat,
509 2169 581 2226 nulli
596 2174 693 2228 tamen
708 2187 740 2228 se

152 2246 251 2313 neget.
263 2243 348 2324 Ergo,
358 2240 485 2303 Domine.
500 2257 552 2298 nec
567 2247 599 2325 ut
613 2241 739 2314 falleres,

153 2329 207 2370 nec
222 2317 255 2370 ut
277 2313 380 2385 aliquis
395 2314 561 2382 scinderet,
577 2330 617 2370 src
631 2313 738 2385 iecisti;

151 2384 201 2441 sed
217 2389 250 2440 ut
270 2383 378 2442 laceres
393 2385 470 2457 quod
486 2395 513 2440 et
537 2386 680 2456 quomodo
696 2386 738 2443 ia·

153 2455 289 2513 ciendum
304 2463 377 2525 erat,
395 2455 425 2513 in
443 2455 562 2514 veritate
578 2473 629 2529 pcr
643 2460 740 2515 omnis

152 2526 312 2600 perstitisti.
327 2528 379 2597 Qui
395 2544 464 2601 crgo
480 2543 511 2584 se
527 2528 629 2586 ieiellit
643 2530 673 2586 in
691 2535 740 2587 tua

152 2601 282 2666 veritate,
300 2615 357 2656 non
380 2599 415 2657 de
443 2605 482 2669 te,
496 2600 546 2658 scd
570 2603 605 2658 de
624 2600 741 2674 propria

152 2675 300 2744 quaerutur
314 2671 438 2730 trisitate
451 2689 457 2728 :
476 2698 488 2721 »ι
502 2673 564 2729 baec
578 2673 736 2731 Ancetmus.

188 2744 371 2816 pilumnus
395 2761 428 2800 nr
457 2761 619 2802 ecntcurrss
639 2745 739 2802 Dounu

151 2831 187 2872 nn
214 2831 316 2872 musore
344 2833 451 2873 resnou
475 2833 686 2872 usseruncnrrs.
705 2847 740 2860 -

152 2887 310 2944 Praedictus
355 2903 449 2959 noque
474 2888 554 2946 locus
578 2904 738 2960 supremus,

151 2955 260 3039 scilicet
293 2903 397 3016 limbus
426 2961 562 3038 Petrum,
592 2963 627 3016 ad
654 2975 739 3032 quem

152 3030 284 3088 Christus
299 3029 547 3090 descenditsiuus
563 3033 684 3087 Abrabae
700 3029 739 3087 di·

155 3101 284 3163 cebatur.
302 3101 368 3174 quia
387 3100 426 3159 ibi
444 3103 588 3160 Abrabam
609 3101 661 3159 luit
675 3117 739 3158 curn

156 3171 322 3242 liberandis,
335 3173 378 3230 cui
394 3172 486 3246 primo
499 3171 695 3246 hujuscemodi
708 3173 739 3230 li·

156 3243 267 3302 beretio
292 3251 335 3302 est
353 3246 506 3319 promissum
524 3247 574 3303 sed
596 3261 671 3303 nunc
685 3261 741 3302 coe·

157 3315 215 3400 lum
240 3331 405 3400 empyreum
435 3316 514 3375 sinus
539 3319 662 3375 Abrahae
685 3321 739 3388 est,

155 3403 222 3460 quia
239 3389 278 3444 rbi
299 3403 360 3462 Jam
384 3395 426 3446 est
445 3390 601 3447 Abrabam.
618 3392 641 3446 Α
659 3388 739 3447 nullo

153 3469 249 3516 numm
261 3461 460 3530 praedictorum
469 3461 742 3519 locorumcsttrans·
754 3525 756 3530 ,

153 3530 213 3588 itus
227 3533 263 3588 ad
274 3531 374 3604 alium,
388 3531 443 3590 nisi
460 3533 496 3590 de
511 3533 596 3591 tertio
609 3532 647 3590 ad
660 3548 742 3605 quar-

153 3607 227 3672 tum,
243 3603 297 3659 boc
320 3607 364 3661 est
381 3603 424 3666 de,
459 3620 492 3660 ur
511 3603 604 3662 atorio
619 3606 655 3660 ad
679 3603 741 3662 lim-

154 3675 223 3732 bum
244 3675 424 3732 Sanctorum.
438 3619 521 3734 Me
544 3676 657 3748 quando
674 3691 739 3733 can-

154 3750 247 3803 tamus
272 3763 279 3802 :
306 3747 406 3803 Libero
424 3751 534 3804 caimos
558 3749 741 3819 fideliamde-

152 3819 313 3887 structorum
328 3819 461 3890 deponis
484 3821 601 3887 interni,
618 3818 741 3876 sumitur

152 3888 192 3947 ibi
208 3888 349 3959 inienuus,
363 3905 414 3962 pro
432 3889 613 3964 purgatorio;
627 3889 700 3948 sicut
712 3899 741 3947 ct

152 3960 192 4018 ibi
206 3961 331 4018 sumitur
344 3977 396 4034 pro
412 3963 511 4031 limbo,
526 3961 640 4035 quando
656 3961 739 4020 Chri-

151 4037 214 4090 stus
229 4031 334 4089 dicitur
359 4034 395 4090 ud
414 4033 523 4096 inferos
540 4033 738 4104 descendisse,

152 4104 197 4160 vel
215 4103 358 4161 infernum
373 4105 558 4164 destruxisse.
578 4105 676 4178 lgitur.
693 4122 737 4163 se-

153 4176 280 4233 cundum
303 4176 568 4251 deopertamque
588 4187 654 4235 autc
674 4181 740 4234 l'as·

152 4249 265 4304 sionem
292 4247 433 4319 promisit,
460 4249 489 4306 iu
517 4249 738 4306 Resurrectione

153 4333 205 4376 sue
227 4319 364 4376 Dominus
385 4319 560 4392 adimplevit.
584 4323 616 4378 Si
630 4323 741 4377 caaltu-

154 4395 208 4456 tus,
222 4389 328 4463 inquit,
341 4392 420 4460 sum
440 4411 458 4450 o
478 4399 563 4466 toro,
576 4396 670 4452 omnin
683 4401 738 4453 tru-

795 1957 877 2013 ierna
898 1955 1057 2023 descendit,
1077 1959 1105 2011 et
1133 1969 1189 2010 uon
1217 1959 1380 2034 uiuservos,

795 2027 846 2086 sed
868 2033 897 2084 ut
912 2027 1021 2085 amicos
1037 2025 1174 2082 Dominus
1188 2037 1318 2081 omnium
1331 2037 1381 2079 eos

794 2098 934 2168 risitaeit3
950 2105 980 2157 et
1001 2097 1108 2154 ibidem
1128 2111 1218 2168 usque
1246 2093 1382 2176 eddiem

796 2170 987 2241 Dominicarn,
999 2184 1088 2242 prope
1097 2181 1244 2235 auroram,
1259 2181 1325 2222 cum
1339 2178 1395 2222 ers*

795 2242 885 2303 stetit.

831 2319 848 2371 8
862 2316 1004 2373 dnarnsrro
1017 2329 1176 2370 sancronuu
1190 2327 1261 2376 onos
1271 2327 1381 2369 manns·

795 2404 881 2444 rurus
901 2403 993 2443 veum.
1010 2417 1043 2427 -
1062 2384 1262 2442 tubilererunt
1289 2381 1380 2440 sancii

796 2460 897 2516 Patres
907 2458 936 2514 in
947 2473 999 2515 suo
1014 2457 1148 2526 adventu,
1161 2461 1190 2513 ct
1203 2454 1303 2539 repleti
1312 2457 1380 2512 sunl

792 2529 973 2604 jucunditate
991 2531 1142 2598 immensa,
1160 2527 1239 2585 omni
1264 2528 1380 2586 mrseria

796 2603 894 2672 procul
911 2602 1003 2676 pulsa.
1020 2604 1053 2658 Et
1067 2600 1259 2672 procidentes,
1273 2599 1377 2657 adora-

794 2679 912 2740 verunt;
929 2679 958 2731 et
970 2679 1130 2744 surgentes,
1146 2672 1262 2730 stabant
1275 2669 1304 2728 iu
1318 2671 1377 2728 lau·

795 2745 879 2803 dibus
895 2749 925 2803 et
941 2745 1060 2803 canticis
1075 2759 1172 2801 eorem
1192 2759 1237 2814 eo,
1251 2759 1315 2801 cum
1331 2759 1377 2800 re·

795 2817 924 2874 verentia
936 2822 963 2873 ct
973 2815 1080 2890 ingenti
1093 2815 1294 2874 exsultatione.
1306 2817 1339 2870 Et
1347 2814 1377 2873 in

795 2888 958 2960 hujusmodi
974 2887 1107 2945 laudibus
1119 2892 1148 2943 et
1162 2886 1281 2944 canticis
1295 2891 1323 2943 et
1331 2887 1377 2958 ju-

795 2959 980 3017 bilationibus
991 2963 1130 3016 steterunt
1142 2959 1171 3015 in
1183 2958 1271 3014 limbo
1287 2974 1376 3031 usque

795 3047 885 3104 prope
900 3047 1033 3088 auroram
1046 3029 1102 3087 diei
1119 3028 1288 3099 nominicae,
1304 3036 1332 3086 et
1349 3029 1379 3087 in

796 3109 948 3176 conspectu
968 3102 1054 3160 etiam
1074 3101 1266 3158 multitudinis
1282 3105 1324 3158 tln
1344 3117 1377 3159 e·

795 3174 888 3231 lorum
913 3172 1019 3232 ibidem
1043 3171 1244 3231 exsultantium
1266 3173 1335 3245 eliu
1357 3171 1379 3229 i·

796 3245 915 3303 lentium
927 3261 992 3304 cum
1005 3245 1056 3304 eis.
1075 3243 1184 3303 Assiste
1199 3249 1227 3302 et
1241 3250 1282 3314 tu,
1299 3260 1332 3301 ac
1346 3244 1376 3302 in

796 3334 895 3376 vocem
924 3316 1121 3376 exsultationis
1145 3321 1175 3374 et
1197 3315 1378 3388 jubilationis

795 3405 924 3464 erumpe,
935 3391 1163 3461 sanctorumque
1172 3388 1303 3446 melodiae
1315 3393 1378 3446 tuas

797 3478 895 3536 preces
914 3461 1109 3535 interpone.0
1130 3475 1216 3532 quam
1241 3459 1322 3518 dulce
1350 3465 1379 3517 et

795 3550 880 3607 quam
907 3534 1065 3607 jucundum
1092 3531 1198 3590 talibus
1225 3531 1376 3601 interesse,

794 3606 839 3663 rel
851 3606 979 3664 saltema
995 3606 1079 3678 longe
1094 3603 1163 3662 talia
1177 3603 1374 3688 contemplaril

795 3681 874 3736 Tunc
888 3677 978 3751 portis
991 3677 1146 3735 interorum
1166 3676 1328 3746 confractis,
1348 3680 1377 3733 et

796 3750 909 3808 diabolo
929 3765 1033 3822 magno
1056 3748 1182 3820 alligato,
1200 3748 1309 3822 accepit
1327 3764 1378 3806 eos

796 3821 932 3879 Dominus
949 3836 1014 3878 cum
1029 3818 1214 3877 exsultatione
1226 3821 1263 3878 ab
1276 3819 1378 3878 inieris

795 3894 937 3962 educens;
956 3901 985 3950 ct
1006 3905 1074 3949 ante
1097 3907 1147 3948 eos
1162 3907 1225 3949 cum
1243 3891 1335 3965 gloria
1350 3896 1378 3949 et

795 3964 941 4037 triumpho
969 3963 1053 4021 laetus
1068 3965 1236 4036 procedens,
1256 3969 1378 4022 Sancto-

796 4052 917 4109 rumque
927 4034 1272 4105 exercitueomrtante,ad
1282 4051 1379 4109 supcr-

796 4125 829 4166 os
841 4108 968 4178 rediens,
983 4109 1075 4181 posuit
1084 4123 1133 4164 cos
1143 4106 1172 4164 lu
1185 4107 1318 4180 paradiso
1333 4109 1379 4163 de-

796 4180 926 4237 liciarum
942 4186 971 4237 ct
991 4179 1153 4252 voluptatis,
1171 4179 1218 4251 qui
1234 4185 1278 4236 est
1294 4179 1328 4234 sd
1344 4179 1378 4236 0-

796 4253 931 4320 rientem‚
960 4251 989 4309 ln
1017 4251 1153 4308 extremis
1181 4251 1268 4306 mnis
1300 4253 1377 4306 Tunc

795 4340 880 4381 uerus
895 4325 1015 4382 Samson
1030 4323 1168 4390 moriens,
1182 4319 1315 4378 hostilem
1330 4336 1377 4376 cx-

796 4395 915 4454 crcitum
939 4393 1108 4468 prostratim
1140 4399 1167 4449 ct
1191 4395 1287 4464 Agnus
1315 4391 1377 4449 sine
