2974 5040
142 331 186 384 itt
479 323 639 380 securum
665 326 786 382 Ptlt'lts
815 325 920 380 tltl’tll'
946 325 1028 380 lxlv

141 434 183 490 lus
197 431 386 491 miserhomo
405 445 463 503 non
478 432 653 503 competitur
668 449 721 506 pro
782 447 848 490 nem
867 429 1063 499 ostendentes,
1078 427 1148 501 quia
1161 429 1231 486 dnm
1249 428 1375 503 discipo-

141 521 197 578 quo
213 505 273 562 solo
289 502 416 562 Christus
430 501 546 575 patitur.
569 523 583 556 u
599 505 679 562 Unde
695 509 724 562 et

139 578 298 635 Bernartius
323 596 332 632 a
361 599 374 624 ι
390 575 525 631 Ascendit
545 574 673 634 Christus
692 578 721 633 in

138 649 239 718 utum,
252 654 282 706 ut
296 647 332 704 ab
343 645 647 716 omnibusvideretur3
664 648 723 705 alta

137 717 722 792 etmagnavoceclamavit,utabomnibus

137 793 304 860 andiretnr3
320 789 436 845 clamori
450 789 547 846 tletum
560 790 719 861 admiscuit,

138 868 169 920 nt
184 865 270 920 bomo
285 865 506 941 compateretur.
525 861 577 928 Qui
593 861 630 918 ed
647 863 721 918 bane

138 950 237 992 vocem
250 949 309 990 non
324 937 496 1001 concutitur,
515 935 594 990 terre
607 933 721 1004 gravior

139 1011 193 1075 est,
217 1008 298 1078 petra
323 1002 433 1072 durior,
463 1003 614 1076 sepulchro
640 1005 720 1062 ioeti-

141 1075 205 1134 dior
217 1093 225 1134 ε
237 1097 252 1128 n
268 1073 505 1134 haerebamus.

178 1170 209 1205 ro
225 1149 319 1204 bonon
333 1163 481 1216 unornane,
500 1164 652 1205 rnnsenrnr
666 1150 719 1205 Bn-

138 1237 196 1278 nrs
211 1222 307 1277 blesis
328 1221 461 1276 V1noiu1s.
479 1249 513 1260 -
529 1223 618 1277 Erant
632 1227 721 1277 uatem

139 1293 180 1348 ibe·
201 1291 238 1348 ad
259 1289 467 1356 associandum,
484 1291 521 1347 ad
536 1292 722 1349 consideran-

141 1365 219 1430 dum,
235 1362 272 1420 ad
296 1361 528 1434 compatiendum
548 1379 612 1420 cum
632 1370 722 1422 matre

138 1433 262 1505 Domini,
285 1437 413 1492 ioannes
441 1439 470 1490 et
496 1436 674 1562 ltaqdalena,
694 1439 723 1492 et

140 1508 204 1564 duae
219 1523 333 1564 sorores
349 1504 489 1574 Dominae,
507 1510 546 1562 sci
561 1509 616 1564 icet
631 1507 721 1564 llario

139 1578 272 1650 Cleopboe
287 1581 315 1634 et
330 1579 419 1633 llaria
431 1578 555 1648 Salome,
576 1585 605 1634 et
618 1584 724 1651 praeter

138 1649 218 1716 istas,
237 1664 299 1720 quae
324 1647 495 1773 principales
519 1653 611 1717 erant,
637 1648 724 1706 etiam

136 1721 266 1775 mutiens
279 1735 325 1773 mu
340 1725 373 1774 ta
388 1717 452 1774 alite
467 1735 485 1774 a
500 1721 579 1788 torpe
600 1724 721 1786 stantes,

136 1795 166 1847 et
180 1792 344 1862 aspicientes
354 1805 388 1846 ac
400 1790 522 1846 uidentes
536 1793 600 1861 baeo,
616 1807 684 1864 quae,
693 1792 724 1848 ll·

136 1861 234 1932 ebant,
255 1877 317 1932 qaae
330 1867 428 1918 secata
440 1877 503 1918 eam·
516 1869 594 1920 eant
607 1882 624 1921 o
640 1865 725 1923 dole·-

137 1935 200 2004 tao,
221 1949 254 1990 ex
268 1933 419 1991 devotione
436 1949 522 2007 quam
541 1936 577 1991 ad
596 1937 724 1994 audien-

137 2005 204 2063 dum
233 2006 352 2063 terbum
380 2007 443 2080 eius
472 2007 627 2079 habebant,
643 2011 725 2065 mini·

138 2082 257 2134 strantes
268 2081 294 2134 ee·
304 2079 538 2136 necessariauitae
550 2081 584 2136 do
593 2082 724 2138 substan-

139 2148 177 2206 tie
191 2165 254 2222 sua,
267 2155 297 2207 ut
307 2155 428 2208 meteret
441 2167 540 2208 eorum
553 2154 723 2224 corporalia,

139 2222 218 2294 cnjus
237 2222 292 2278 illae
308 2224 454 2279 metebant
467 2223 637 2294 spiritualia.
653 2226 726 2280 Cou-

140 2292 301 2348 suetudinis
314 2293 390 2348 enim
400 2293 526 2350 tndaicae
537 2295 600 2363 l'uit,
613 2299 645 2351 ut
659 2311 724 2352 mu-

142 2361 227 2420 lieres
254 2365 289 2418 de
309 2362 466 2418 substantia
489 2379 541 2420 sua
564 2365 668 2421 victum
695 2373 725 2422 et

143 2433 276 2489 vestitum
288 2432 523 2504 praedicatoribus
534 2439 561 2490 et
569 2451 661 2508 praece
684 2441 726 2494 io·

144 2502 222 2560 ribus
247 2502 305 2559 suis
323 2502 537 2574 ministrarent;
552 2511 579 2561 et
596 2506 626 2562 in
650 2453 722 2570 aYiis.

142 2575 213 2630 utin
228 2576 437 2646 preparatione
452 2573 517 2644 cibi,
527 2582 555 2632 et
569 2575 598 2632 in
616 2577 723 2636 lotione

145 2643 263 2701 restium
282 2644 432 2713 seruirent,
449 2647 525 2716 quod
545 2653 573 2703 et
587 2650 723 2706 Dominus

143 2716 253 2790 accepit
273 2735 279 2774 :
296 2721 327 2774 ut
342 2716 500 2844 exemplum
516 2719 596 2776 daret
607 2725 723 2793 Aposto-

142 2787 188 2859 lis,
214 2803 313 2846 eorum
333 2805 483 2846 consuens
505 2789 676 2862 inllrmitati,
694 2799 724 2849 et

141 2865 173 2916 ut
195 2860 349 2934 Evangelio
378 2861 470 2931 magis
496 2868 640 2920 vacarent.
666 2866 723 2921 Nec

141 2935 208 2988 tunc
223 2934 277 2990 boc
288 2933 451 2989 scandalam
461 2939 538 3004 erat;
554 2935 660 2992 Paulus
676 2951 723 2993 au-

140 3007 197 3060 tem
215 3003 439 3076 supererogavit,
458 3005 505 3076 qui
525 3023 587 3063 cuni
605 3009 724 3064 baberet

140 3081 310 3148 potestatem
335 3077 566 3134 circumducendi
587 3079 723 3136 mulieres

141 3146 215 3204 sicut
240 3148 298 3216 alii,
327 3165 384 3206 non
410 3157 505 3206 tamen
530 3167 595 3208 usus
610 3155 722 3208 estea:

141 3225 258 3292 propter
277 3221 563 3304 pseudo-apostolos,
584 3228 614 3278 ut
638 3239 687 3280 eos
706 3239 723 3280 a

139 3292 344 3364 predicatione
359 3301 545 3364 reprimeret3
556 3300 585 3350 et
603 3301 723 3367 propter

138 3363 331 3435 suspicionum
360 3365 574 3433 removendam,
600 3366 723 3423 maxime

138 3432 214 3489 inter
237 3433 373 3496 Gentiles,
392 3432 441 3488 ubi
461 3433 526 3489 talis
546 3440 721 3492 consuetudo

137 3519 196 3559 non
221 3509 293 3572 erat,
314 3509 343 3560 et
365 3502 431 3559 ideo
446 3505 613 3561 scandalum
626 3507 721 3564 lacere

136 3579 259 3646 poterat.
276 3573 476 3632 llinistrabant
488 3581 583 3632 autem
599 3578 720 3636 Domino

136 3645 263 3727 carmelio
276 3663 326 3719 pro
347 3649 552 3719 spiritualibus,
572 3665 629 3705 non
643 3651 719 3722 quod

136 3715 278 3784 audiuerat
300 3719 437 3777 Dominus
452 3719 600 3790 creaturis,
617 3723 667 3779 sed
690 3731 720 3779 ut

135 3789 299 3870 ostenderet
310 3795 406 3863 typum
418 3797 633 3866 magistrorum,
642 3795 719 3867 quod

135 3867 212 3916 victu
226 3865 312 3933 atque
332 3863 434 3920 vestitu
453 3881 485 3921 ex
501 3865 647 3938 discipulis
662 3868 717 3922 de-

133 3929 234 3987 berent
248 3949 311 3988 esse
324 3935 461 3991 contenti.
479 3937 530 3993 Ubi
552 3939 717 4007 Gbrysosto-

132 4018 193 4058 mus
213 4023 253 4057 :a
279 4005 328 4060 llae
346 4010 441 4062 autem
461 4007 596 4064 mulieres
620 4012 716 4065 consi·

133 4075 282 4157 derabaut,
297 4092 361 4147 quae
376 4078 559 4147 gerebantur,
578 4095 640 4150 qaae
658 4097 717 4136 ma-

132 4147 532 4218 ximeerantcompassibiles3
547 4156 574 4206 et
589 4167 652 4222 quse
669 4167 713 4208 se-

132 4221 292 4292 quebantur
304 4219 513 4290 ministrantes,
524 4237 610 4293 usque
621 4224 657 4280 ad
667 4239 714 4294 pe·

132 4289 223 4350 ricula
237 4293 392 4366 siluerunt,
409 4292 559 4351 maximam
575 4293 713 4352 tortitudi-

783 504 802 562 li
832 503 977 576 ingerunt,
1001 501 1071 572 ipse
1086 501 1258 558 siluerunt:
1275 523 1292 552 ι
1313 504 1374 562 hese

785 577 1001 646 Chrysostomas.
1014 573 1035 630 0
1048 573 1174 645 qualiter
1191 578 1261 630 tunc
1273 574 1374 632 anima

784 646 884 704 matris
898 645 991 704 intimi
1001 644 1109 702 doloris
1121 643 1216 716 gladio
1232 652 1375 716 penetra-

784 724 814 776 ta
832 723 903 788 erat,
931 731 996 773 eum
1016 716 1056 772 sio
1083 731 1242 843 poenosum·
1264 717 1373 775 Filium

784 791 918 858 delicere,
934 788 1080 860 languere,
1099 789 1376 859 aerumnarum·

784 879 831 946 re,
841 867 870 946 et
884 859 967 930 mori,
982 864 1011 917 et
1024 875 1055 916 se
1074 858 1103 914 in
1119 859 1226 916 mundo
1243 861 1374 944 derelin-

783 931 1372 1085 tltl⁰lllltltltbtl2b5b⁰dle

783 1077 860 1150 loqui
876 1080 1034 1149 poterat,et
1046 1075 1116 1130 dixit
1129 1091 1137 1130 ι
1150 1074 1172 1130 Ο
1186 1074 1238 1131 Fili
1254 1089 1295 1130 ini
1315 1076 1376 1134 dul·

783 1147 907 1218 cissime,
915 1145 983 1220 quid
993 1145 1093 1202 taciem
1099 1161 1152 1218 ego
1163 1145 1355 1204 uetustissima
1364 1149 1378 1204 l

783 1217 834 1278 Cui
856 1235 901 1276 me
920 1221 1056 1275 miseram
1078 1217 1318 1275 commendatam
1331 1219 1374 1276 di·

784 1291 896 1348 mittis?
918 1288 971 1347 Fili
1003 1288 1053 1359 mi,
1073 1293 1217 1346 memento
1245 1290 1318 1359 mei,
1348 1301 1375 1348 et

785 1361 879 1420 omnis
902 1361 1018 1418 lamiliae
1040 1367 1108 1430 tuae,
1122 1376 1209 1432 quam
1225 1360 1269 1418 ita
1282 1361 1374 1420 deso-

785 1435 872 1492 latam
891 1433 1028 1505 relinquis
1040 1449 1048 1501 ;
1062 1437 1206 1488 memento
1220 1432 1312 1489 etium
1329 1435 1376 1490 bo

785 1508 903 1574 minum,
918 1505 967 1578 qui
988 1503 1150 1561 servierunt
1167 1503 1231 1560 tibi.
1250 1503 1306 1560 Fili
1325 1507 1374 1574 mi,

786 1583 814 1634 et
833 1593 885 1648 ego
897 1575 927 1633 in
946 1591 1047 1632 manus
1069 1579 1142 1644 tuas,
1164 1583 1193 1631 et
1219 1576 1319 1634 Patris
1336 1577 1373 1634 tni

786 1649 955 1718 commendo
969 1647 1118 1720 meipsam,
1135 1651 1164 1704 et
1177 1650 1269 1704 totam
1280 1649 1375 1706 Facie·

786 1723 858 1779 siam
876 1724 1014 1777 nostram.
1031 1720 1053 1776 0
1068 1719 1154 1775 Pater
1167 1728 1279 1788 sancte,
1299 1721 1375 1777 Dens

786 1792 863 1850 omui
885 1797 978 1856 utens,
995 1794 1136 1847 inmanus
1149 1797 1213 1846 tuas
1227 1805 1374 1848 commen·

785 1865 822 1921 do
835 1808 937 1920 riflum
949 1877 1054 1925 meum.
1066 1861 1123 1918 inno
1138 1863 1294 1944 Dominum
1312 1879 1374 1920 me·

785 1951 844 2006 um,
860 1941 888 1991 et
904 1934 1005 1991 Filium
1020 1942 1111 1990 tunm.
1127 1935 1192 1991 Jam
1207 1949 1286 1990 enim
1299 1934 1373 1992 deti·

786 2009 840 2074 cio,
855 2011 965 2063 etanta
989 2004 1092 2062 Filium
1115 2019 1222 2070 meum,
1249 2003 1281 2061 in
1311 2009 1374 2078 ejus

786 2073 1372 2150 conspectumnridesiderol'aliailicens,

786 2155 897 2207 aestimo
926 2151 1002 2222 quod
1028 2155 1144 2221 propter
1171 2151 1372 2220 augustiarum

785 2220 998 2279 multitudinem
1015 2219 1060 2276 vel
1087 2219 1224 2291 absorpta
1251 2225 1327 2291 erut,
1344 2227 1373 2278 et

786 2295 866 2366 qnasi
879 2291 1062 2361 insensibilis,
1072 2291 1116 2347 vel
1127 2290 1319 2349 semimortua
1333 2291 1372 2349 fs·

786 2374 845 2434 cta;
863 2369 890 2421 et
907 2363 983 2436 quod
994 2378 1025 2419 se
1039 2361 1247 2419 sustinerennn
1261 2363 1372 2435 valens,

785 2435 894 2494 corruit
904 2435 1043 2491 infaciem
1056 2449 1137 2490 suem
1151 2449 1237 2504 super
1250 2445 1371 2491 terreni.

785 2507 883 2565 Nullus
900 2505 979 2562 enim
994 2504 1121 2577 cogitare
1136 2512 1186 2562 aut
1197 2507 1294 2562 dicere
1306 2521 1371 2578 pos-

784 2587 837 2650 set,
854 2583 960 2650 quanta
990 2576 1127 2634 maestitia
1158 2576 1317 2649 patientem
1343 2585 1371 2634 et

785 2649 955 2708 morientem
976 2648 1163 2720 suspiraverit
1187 2655 1216 2705 et
1231 2648 1369 2720 doluerit,

785 2721 885 2778 undei
907 2736 940 2778 sa
954 2723 1112 2778 sustinebat
1132 2720 1208 2777 intus
1224 2719 1301 2792 quod
1318 2720 1369 2776 Fi-

785 2791 840 2849 lins
854 2738 922 2875 infit
943 2791 1022 2849 ioris.
1044 2791 1118 2874 Quid
1143 2795 1212 2873 tunc
1240 2793 1367 2872 ioannes

785 2862 1369 3017 titilletstellllblllllutll

784 3009 887 3078 quidve
910 3021 1024 3063 sorores
1049 3008 1178 3062 Dominae
1199 3003 1369 3062 iaciebant?

784 3080 839 3136 Sed
857 3077 923 3151 quid
946 3079 1039 3135 lacere
1065 3076 1223 3150 poterant?
1242 3077 1367 3157 ltepletee

783 3156 865 3207 erant
880 3149 1081 3218 amaritudine,
1097 3148 1246 3220 completae
1261 3149 1366 3204 dolori·

784 3223 848 3291 bus,
864 3221 1013 3278 inebriatae
1032 3221 1195 3302 absynthio,
1213 3225 1244 3276 et
1259 3219 1367 3276 intole-

783 3294 913 3351 rabiliter
927 3295 1043 3351 llebent.
1061 3293 1255 3362 uerissime,
1273 3293 1366 3362 cogita

784 3373 812 3423 ct
826 3365 975 3422 considera
988 3369 1096 3438 quanto
1108 3365 1208 3420 dolore
1218 3369 1249 3420 et
1258 3363 1365 3436 ejulatu

784 3453 885 3494 omnes
910 3436 995 3494 amici
1014 3438 1075 3508 ejus
1101 3435 1266 3508 plorabant,
1299 3433 1366 3507 quie

783 3509 868 3566 etiam
884 3508 914 3565 hl
934 3509 983 3578 qui
997 3506 1050 3564 sibi
1067 3506 1137 3563 nibil
1151 3507 1325 3576 attinebant,
1337 3511 1365 3562 et

783 3595 846 3636 cum
862 3596 896 3637 eo
906 3580 975 3636 nibil
985 3580 1091 3636 babere
1104 3579 1287 3646 uidebantur,
1296 3575 1365 3658 mul:

781 3659 840 3708 tum
854 3651 990 3708 dolebant
1005 3669 1012 3707 :
1028 3649 1102 3706 siout
1116 3647 1254 3708 Centurio
1273 3657 1304 3705 et
1316 3648 1363 3706 alu

782 3723 897 3792 milites,
913 3723 961 3794 qui
987 3725 1084 3779 lesum
1110 3721 1322 3788 crucifixerant,
1336 3725 1364 3776 et

780 3811 856 3865 eum,
872 3809 1019 3866 quousque
1039 3792 1206 3865 expirasset,
1221 3790 1361 3848 custodie·

779 3867 857 3924 baut.
877 3871 913 3923 Et
937 3869 1025 3923 omnis
1042 3866 1124 3921 turbo
1143 3879 1236 3920 eorum
1259 3867 1311 3934 qut
1328 3861 1363 3918 od

780 3938 932 3994 videndum
944 3939 1131 4010 spectaculum
1140 3936 1217 3991 istud
1226 3949 1364 3991 couvene-

781 4016 854 4080 raut,
879 4015 908 4066 et
932 4011 1016 4065 struat
1032 4009 1160 4071 aderant,
1176 4011 1202 4062 et
1227 4007 1361 4061 aimberti

778 4097 839 4151 qua
856 4083 970 4152 fiebant,
990 4079 1037 4152 qui
1055 4086 1168 4152 pectora
1192 4093 1252 4144 saa,
1270 4077 1299 4133 in
1324 4075 1362 4132 si·

778 4169 865 4224 gurim
881 4151 1055 4224 poeuiteutiae
1072 4157 1101 4207 et
1117 4151 1222 4218 luctus,
1236 4151 1362 4220 percuti·

776 4231 860 4296 cates,
873 4241 939 4281 cum
950 4223 1064 4280 silentio
1078 4223 1297 4302 revertebuntur,
1313 4221 1361 4276 do·

776 4295 869 4353 lentes
897 4296 933 4352 de
973 4295 1076 4352 Christi
1106 4297 1305 4364 persecutione
1333 4295 1360 4346 et
