3104 5034
572 449 610 502 ltli
639 449 753 504 l'lltllt
782 451 929 504 Jduttltt.
1326 456 1369 508 tot

135 553 199 610 llaec
214 554 371 609 ilnselmes.
387 553 444 610 lsta
455 567 522 622 ergo
538 552 634 611 emnia
650 571 725 626 pen-

135 631 247 692 santes,
272 623 437 696 evigilemus
466 626 532 681 tetis
559 623 676 696 uiribus,
696 633 726 684 et

135 695 277 753 voluntati
290 696 339 751 Dei
349 696 585 764 obtemperantes,
598 697 725 755 remedia

136 781 317 840 quaeramus,
348 764 542 840 beneficiaque
567 767 616 824 liei
649 767 725 826 eirea

135 855 192 895 nos
206 840 397 908 recogitantes
410 836 522 895 assidue
539 843 653 910 peccata
666 845 723 897 stu·

135 910 257 967 dcamus
272 925 323 981 pro
344 924 426 980 posse
442 908 543 978 uitare,
559 913 589 966 ut
615 909 723 982 judicio

137 980 178 1038 illi
193 980 315 1038 terribili
326 995 486 1037 mereamus
499 980 590 1037 securi
604 982 724 1039 assiste-

137 1069 178 1109 re¹
194 1052 235 1108 dd
251 1052 326 1122 qnod
340 1053 412 1109 bene
423 1051 553 1108 hortatur
566 1067 619 1110 nos
629 1056 725 1124 dupu-

135 1127 227 1180 sta'nus
242 1123 340 1180 dicens
356 1141 363 1180 :
381 1145 396 1174 κ
418 1122 519 1180 Melius
537 1127 581 1180 est
594 1123 640 1181 hie
656 1141 723 1199 par·

136 1210 201 1252 sam
216 1193 436 1252 amaritudinem
447 1193 597 1265 sustinere,
610 1201 639 1252 et
650 1201 725 1269 post·

137 1283 171 1323 ea
188 1266 225 1322 ad
244 1271 380 1324 aeternam
399 1265 577 1323 dulcedinem
593 1267 722 1338 perveni·

136 1353 182 1407 re;
212 1353 277 1394 uam
291 1336 336 1394 liic
346 1337 561 1394 habereialsum
574 1337 721 1410 gaudium,

135 1413 164 1466 et
187 1353 244 1466 iilic
273 1407 417 1481 suscipere
445 1409 507 1466 sine
533 1408 589 1465 dne
614 1409 722 1484 suppli·

134 1479 252 1538 cium.»
275 1483 309 1538 Et
329 1479 433 1537 iterum
463 1497 470 1536 :
498 1498 512 1534 ιι
533 1481 646 1538 Certum
668 1486 721 1552 est,

137 1553 240 1608 tratres
255 1550 404 1620 carissimi,
422 1550 497 1624 quod
511 1550 534 1609 si
548 1567 661 1624 semper
676 1553 721 1610 be·

137 1623 240 1680 nesrcia
255 1623 304 1680 Dei
326 1621 429 1694 nostri,
444 1637 508 1706 quae
527 1622 619 1694 nohis,
636 1623 722 1682 nullis

136 1693 481 1766 praecedentibusmeritrs
490 1693 606 1764 nostris,
619 1695 722 1753 collata

137 1769 204 1821 sunt
213 1766 326 1823 assidue
338 1769 505 1838 cogitamus,
514 1771 628 1836 peccata
638 1766 721 1824 nobis

137 1843 186 1892 aut
196 1853 252 1894 nen
267 1837 461 1906 dominantur,
473 1841 524 1894 aut
538 1838 561 1893 si
577 1837 649 1894 forte
661 1853 721 1896 sur·

139 1907 289 1980 napserim,
305 1911 361 1965 cite
376 1925 428 1982 per
441 1907 641 1981 poenitentiam
656 1925 719 1966 cor·

136 1977 276 2052 rigentur.
292 1980 357 2048 Quis
370 1979 447 2036 enim
462 1980 505 2037 sel
521 1983 616 2036 mente
629 1979 720 2038 couci-

136 2066 212 2121 pere,
229 2067 286 2108 non
306 2053 400 2108 dicam
424 2051 519 2108 verbis
532 2050 622 2124 pessit
638 2067 719 2122 expo·

135 2137 212 2192 nere,
225 2128 333 2194 quanta
343 2123 418 2179 eirea
432 2138 485 2179 nus
499 2127 566 2179 sunt
579 2123 719 2180 beneficia

133 2192 183 2250 Dei
201 2193 400 2252 nostrithcit
414 2192 567 2262 animnos,
583 2209 647 2250 enm
660 2210 718 2252 non

132 2279 260 2322 essemus
273 2283 280 2332 ;
295 2265 439 2336 reparavit
456 2281 509 2322 nos
525 2271 634 2338 postea,
654 2281 718 2323 cum

133 2337 311 2406 perissemus,
328 2340 447 2394 Mortem
461 2336 596 2409 suscepit,
606 2336 717 2419 pretio·

132 2422 163 2463 so
179 2423 231 2464 nos
244 2409 382 2482 sangnine
397 2408 538 2466 liberauit.
548 2408 592 2465 Ad
605 2407 719 2466 interna

131 2477 287 2547 descendit,
308 2481 344 2538 de
372 2478 498 2537 lancibus
521 2495 575 2536 nos
602 2483 717 2538 aeterne

132 2551 230 2607 mortis
244 2551 366 2624 eripuit3
383 2551 520 2608 coelorum
532 2549 615 2608 nobis
629 2551 716 2608 etiam

131 2621 247 2692 praemia
258 2623 397 2696 promisit.
411 2625 476 2680 llaec
490 2621 598 2692 omnia,
614 2622 717 2680 tratres

130 2691 313 2762 dilectissimi,
329 2697 376 2768 pio
391 2699 420 2750 et
431 2693 555 2765 benigno
565 2693 661 2752 animo
674 2711 717 2752 re·

131 2766 296 2836 cogitantes,
321 2770 458 2838 quantum
479 2781 632 2838 possumus
651 2783 715 2822 cnm

131 2833 220 2906 ipsius
232 2836 377 2909 adjutorio
391 2836 540 2894 benediciis
555 2835 614 2892 suis
624 2836 715 2893 vicem

130 2908 287 2978 rependere
299 2907 475 2966 festinemus.
491 2909 553 2964 Nou
563 2907 716 2964 reddamus

129 2979 202 3036 mala
216 2995 269 3052 pro
283 2979 383 3048 bonis3
401 2981 451 3036 sed
467 2985 604 3050 quantum
616 2994 715 3051 possu-

128 3065 199 3118 mus,
216 3051 354 3108 voluntati
366 3051 442 3108 illius
460 3053 659 3134 obtemperare
673 3049 714 3107 ss·

127 3119 227 3178 daliter
241 3122 418 3192 studeamus,
433 3124 501 3180 totis
514 3121 622 3178 viribus
637 3123 712 3178 inni·

128 3197 228 3263 tentes,
247 3201 278 3250 ut
291 3199 435 3268 praecepta
457 3192 546 3266 ipsius
560 3191 652 3265 magis
666 3209 715 3250 ne·

128 3262 171 3321 bis
184 3264 299 3337 pariant
312 3265 347 3323 de
362 3267 536 3338 sequacitate
543 3264 713 3336 remedium,

130 3338 258 3406 quamde
273 3335 652 3410 transgressioneJ'udicium.
666 3337 714 3392 Et·

130 3408 213 3474 enim,
225 3407 294 3479 qnid
305 3409 452 3479 iaciemus,
464 3407 616 3478 carissimi,
626 3409 653 3464 in
665 3406 714 3464 illo

130 3479 279 3538 metuendo
293 3479 394 3554 judieii
410 3479 468 3550 die,
483 3495 547 3538 cum
564 3477 713 3550 Dominus,

129 3556 266 3608 tremente
279 3553 395 3620 mundo,
412 3550 632 3622 precinentibus
652 3551 709 3608 lin·

128 3623 255 3692 galerum
280 3623 419 3692 buccinis,
434 3623 465 3679 in
484 3623 533 3679 illo
555 3623 713 3694 majestatis

127 3707 183 3750 suae
196 3695 311 3766 throno,
323 3694 514 3753 circumdatus
527 3693 650 3750 coelestis
662 3692 714 3750 mi·

126 3763 192 3821 litiae
210 3765 282 3833 luce,
297 3765 469 3834 consederit,
490 3765 586 3836 ibique
604 3765 640 3821 de
653 3769 712 3822 ter-

127 3851 163 3892 rae
178 3841 287 3907 gremio
302 3843 332 3895 et
347 3839 383 3896 de
399 3835 517 3908 antiqno
532 3835 649 3909 pulvere
663 3852 710 3893 su-

127 3909 224 3964 scitato
239 3909 367 3967 humano
383 3924 500 3982 genere,
514 3908 646 3965 adstante
668 3911 711 3964 te-

126 3976 258 4037 stimonio
272 3981 452 4038 conscientiae
465 3978 653 4052 singulorum,
663 3994 712 4051 po·

126 4047 183 4118 sitis
197 4049 226 4107 in
244 4057 394 4127 conspectu
410 4061 591 4125 peccatorum
606 4049 709 4123 pcenis,

122 4119 319 4196 justorumque
337 4123 473 4198 praemiis,
489 4121 629 4181 rationem
645 4120 709 4179 uitae

125 4193 708 4278 coepieritomnibuspostulare;etplusjam

121 4269 215 4334 justus
242 4281 329 4339 quam
353 4267 528 4336 misericors,
557 4269 709 4324 severitate

124 4335 227 4396 iudicis
238 4343 409 4412 contemptae
424 4336 627 4397 misericordiae
642 4352 708 4394 reos

125 4407 238 4480 coeperit
253 4426 398 4482 accusare,
414 4415 442 4468 et
464 4409 578 4469 dicere:
593 4410 705 4482 ligate,

780 556 909 623 oliumo,
926 555 962 610 de
988 553 1055 611 linio
1071 554 1200 613 nrauilius
1216 558 1367 629 maisiaci,

778 625 959 698 egoterrenis
970 626 1086 683 artubus
1095 626 1206 684 infundi
1218 628 1365 700 spiritum,·

779 713 831 769 ege
848 696 900 754 tibi
917 695 1072 769 imaginem
1089 702 1216 755 nostram
1233 699 1366 759 similitu·

777 769 929 840 dinemqne
944 769 1072 826 conterre
1082 769 1214 852 dignatus
1228 787 1300 840 sum,
1312 789 1365 844 ego

777 845 805 896 te
817 838 892 896 inter
904 837 1028 912 paradisi
1038 839 1156 896 delicias
1165 841 1310 900 collocavi.
1322 845 1364 900 Tu

776 917 883 980 antem,
897 909 995 968 vitalia
1018 911 1153 968 mandata
1167 919 1362 981 contemnens,

777 982 959 1054 deceptorem
985 981 1065 1053 sequi
1093 999 1180 1054 quem
1213 985 1364 1043 Dominum

777 1052 915 1111 maluisti.
932 1055 1001 1111 Cum
1021 1053 1154 1136 expulsus
1169 1055 1204 1112 de
1214 1057 1363 1138 paradiso,

774 1125 839 1197 jure
855 1127 962 1194 peccati
976 1126 1105 1182 mortalis
1116 1125 1237 1184 vinculis
1250 1132 1362 1186 tenere-

777 1194 827 1268 ris,
841 1195 1009 1267 virginalem
1027 1203 1151 1268 uterum,
1167 1199 1231 1256 sine
1252 1200 1363 1272 dispeu-

777 1266 825 1324 die
849 1265 1032 1340 virginitatis,
1061 1268 1216 1350 pariendus
1237 1269 1362 1328 introivi.

776 1339 808 1396 ln
821 1340 961 1422 praesepio
977 1346 1129 1412 expositus,
1146 1345 1176 1398 at
1189 1341 1292 1415 pannis
1310 1343 1363 1400 oli·

775 1409 888 1468 volutus
908 1412 995 1484 Jacui.
1026 1411 1155 1469 lulantiae
1177 1413 1363 1472 contumelias

776 1480 1208 1556 humanosquedolores‚quibus
1223 1483 1274 1542 tibi
1287 1485 1364 1544 simi·

775 1551 811 1608 lis
827 1553 937 1621 flerem,
951 1552 988 1610 ad
1003 1553 1056 1610 hoc
1071 1553 1178 1611 scilicet
1197 1560 1228 1612 ut
1241 1562 1269 1612 te
1294 1556 1363 1614 mihi

775 1622 897 1680 similem
911 1623 1166 1696 laceram,pertuli.
1179 1626 1362 1686 irridentium

774 1693 885 1822 palmas
899 1699 927 1751 et
938 1699 1022 1767 sputa
1034 1696 1157 1768 suscepi,
1171 1701 1283 1754 acetum
1298 1715 1361 1756 cum

786 1765 840 1822 elle
852 1765 922 1836 bibi;
932 1765 1053 1838 dagellis
1063 1782 1164 1838 casus,
1172 1767 1307 1840 vepribus
1318 1787 1362 1828 eo·

774 1843 902 1907 renatus,
923 1837 1023 1896 affixus
1048 1837 1138 1908 eruci,
1161 1841 1362 1914 perfossusque

773 1907 903 1980 vulnere,
919 1913 951 1966 ut
970 1914 1001 1966 tn
1021 1909 1173 1982 eripereris
1191 1911 1287 1982 morti,
1304 1916 1362 1970 ani-

776 1995 851 2036 mam
866 1979 895 2037 iu
919 1979 1070 2038 tormentis
1086 1981 1189 2039 dimisi.
1205 1985 1247 2040 En
1270 1985 1360 2042 clavo·

773 2067 837 2108 rum
857 2051 987 2124 vestigia,
1007 2051 1110 2124 quibus
1134 2053 1234 2111 allinus
1254 2071 1360 2127 pepen-

774 2121 821 2190 di;
849 2139 885 2179 en
904 2123 1068 2250 geritissum
1091 2124 1255 2182 vulneribus
1275 2126 1359 2183 latus.

774 2194 889 2267 Suscepi
924 2195 1018 2252 olores
1036 2200 1111 2264 tuos,
1126 2203 1157 2252 ut
1171 2195 1222 2254 tibi
1239 2195 1360 2269 gloriam

773 2279 866 2322 meam
878 2265 986 2323 darem.
1002 2265 1116 2339 Suscepi
1135 2272 1257 2325 mortem
1272 2277 1360 2338 tuam,

772 2340 804 2392 ut
821 2341 851 2394 tu
874 2338 902 2393 in
928 2341 1066 2395 aeternum
1083 2339 1203 2397 viveres.
1222 2340 1360 2398 Conditus

768 2406 846 2490 jacui
864 2405 894 2465 iu
910 2409 1071 2482 sepulchro,
1092 2416 1123 2466 ut
1140 2415 1173 2466 tu
1195 2425 1360 2484 resurgeres

771 2495 801 2534 m
811 2479 893 2537 coelo.
907 2481 973 2550 Gur,
985 2480 1063 2554 quod
1075 2497 1127 2553 pro
1138 2484 1359 2556 tepertnli,per-

771 2549 887 2608 didistit
912 2551 981 2622 Cur,
1007 2550 1130 2624 ingrate,
1156 2554 1359 2626 redemptionis

770 2627 826 2679 tuae
841 2638 962 2681 munera
978 2623 1096 2682 renuisti
1107 2624 1250 2684 ‘illontibi
1260 2643 1313 2698 ego
1324 2628 1360 2685 de

770 2698 861 2751 monte
871 2711 936 2752 mea
950 2711 1064 2768 queror.
1077 2695 1174 2754 Redde
1188 2696 1258 2754 mihi
1273 2698 1358 2756 vitam

769 2767 859 2834 tuam,
887 2782 939 2838 pre
968 2781 1026 2838 qua
1052 2781 1147 2824 meam
1169 2767 1245 2825 dedi.
1260 2769 1357 2828 liedda

769 2835 838 2892 mihi
862 2837 950 2894 vitam
972 2842 1063 2906 tuam,
1087 2853 1173 2909 quam
1194 2839 1358 2898 vulneribus

788 2912 951 2964 eccatornm
965 2906 1161 2965 indesinenter
1173 2910 1287 2966 occidis.
1303 2913 1358 2969 Cur

767 2921 975 3046 flabitaculum,
985 2978 1062 3050 qnod
1076 2977 1106 3035 iu
1121 2985 1149 3035 ta
1164 2995 1355 3054 sacraveram,

768 3047 888 3106 luxurie
911 3049 1043 3107 sordibus
1057 3049 1203 3122 polluisti?
1216 3052 1273 3109 Cur
1296 3069 1356 3110 eor-

768 3136 820 3191 pus
831 3122 891 3192 jam
907 3137 1011 3184 meum,
1028 3120 1227 3180 illecebrarum
1235 3126 1355 3197 turpitu-

768 3189 835 3248 dine
848 3192 1015 3250 maculasti?
1029 3193 1085 3250 Gur
1099 3193 1248 3265 meipsum,
1265 3195 1358 3252 crimi-

767 3279 836 3320 num
850 3267 964 3322 tuurum
978 3279 1062 3321 cruce
1076 3264 1217 3336 graviore,
1227 3281 1312 3338 quam
1324 3267 1355 3324 il·

768 3334 796 3392 la
809 3335 838 3390 in
851 3351 909 3407 qua
920 3335 1065 3409 quondam
1080 3335 1281 3410 pependeram,
1294 3339 1356 3395 alti·

767 3405 831 3462 xisti
841 3406 856 3462 ‘l
868 3407 987 3464 Gravior
1001 3409 1078 3465 enim
1101 3409 1176 3480 apud
1191 3423 1236 3465 me
1252 3425 1355 3481 pecen-

768 3481 861 3534 torum
879 3484 994 3536 tuorum
1016 3495 1084 3537 crux
1107 3483 1162 3548 est,
1181 3479 1211 3536 in
1224 3495 1281 3552 qna
1296 3484 1356 3538 vin·

767 3553 830 3606 ctus
850 3551 973 3622 pendeo,
1002 3565 1089 3624 quam
1116 3550 1167 3608 illa
1182 3548 1212 3607 in
1235 3567 1292 3623 qua
1313 3552 1353 3610 tui

767 3622 899 3679 misertus
922 3625 1046 3680 mortem
1073 3627 1153 3680 tuam
1172 3621 1313 3680 occisurus
1327 3642 1355 3681 a·

766 3691 875 3749 scendi.
906 3695 976 3753 Cum
1002 3709 1095 3751 essem
1122 3692 1352 3766 impassibilibis,

765 3778 817 3836 pro
830 3769 858 3820 te
873 3768 932 3846 pati
947 3764 1082 3836 dignatus
1096 3780 1170 3822 sum.
1187 3766 1242 3822 Sed
1255 3769 1285 3822 tu
1303 3771 1353 3824 de-

766 3834 881 3907 spexisti
900 3839 928 3892 in
944 3836 1059 3894 humine
1075 3837 1174 3901 Deum,
1191 3835 1220 3892 in
1239 3835 1352 3896 interne

765 3906 897 3976 salutem,
924 3907 952 3964 in
974 3906 1019 3964 ria
1038 3907 1174 3977 reditum,
1204 3907 1235 3964 in
1253 3910 1351 3966 Judiee

764 3979 888 4047 veniam,
901 3977 932 4034 in
948 3994 1031 4036 cruce
1047 3981 1145 4048 vitam,
1159 3981 1187 4035 in
1206 3980 1351 4062 suppliciis

764 4048 946 4107 medicinam.
963 4051 997 4106 Et
1012 4049 1079 4124 qnia
1094 4057 1158 4122 post
1176 4065 1273 4108 emnia
1295 4068 1351 4110 ma·

763 4118 792 4177 la
809 4125 860 4177 tua
885 4122 922 4178 ad
942 4121 1151 4181 medicamenta
1176 4124 1350 4195 poenitentim

764 4191 917 4265 confugere
938 4193 1065 4264 noluisti,
1087 4195 1124 4252 ab
1150 4193 1250 4251 auditu
1275 4195 1351 4251 malo

762 4279 819 4322 uon
835 4266 993 4324 mereberis
1020 4263 1161 4325 liberari:
1185 4287 1196 4316 ι
1218 4265 1279 4322 haec
1293 4267 1350 4322 Αιι-

761 4338 921 4406 castinaci

802 4409 922 4466 iolcum
942 4427 1065 4470 annicius
1089 4427 1246 4469 cancrosus
1269 4425 1349 4466 inuno
