3124 5038
244 433 291 486 254
574 433 727 486 seculum
755 433 872 487 lteris
899 434 1000 488 eleut
1030 433 1154 488 taxati

245 549 275 605 io
285 551 392 614 celum,
405 551 446 606 sio
462 551 560 612 venia,
575 549 624 604 sed
641 549 668 603 in
684 547 740 602 llue
755 551 830 602 tem·

245 634 357 691 porum,
375 619 605 692 quemadmodum
632 619 744 674 uidistis
768 633 828 672 eum

245 697 351 748 eunte-n
365 695 395 749 tn
412 694 506 748 emittm
521 711 529 756 r
545 691 574 747 id
591 695 642 752 est.
662 693 736 747 elcut
750 689 831 761 baju-

246 763 279 818 lis
293 764 415 822 nubibus
429 763 539 820 vidistis
552 779 616 819 eum
633 762 662 819 in
679 762 780 818 coelum
796 777 828 818 a·

246 833 829 906 scandentemsicbajulisuubibusvido-

248 904 312 963 bitis
326 923 391 964 eum
405 908 508 964 inaere
522 907 558 963 ad
567 905 831 976 iudiciumdesren·

248 977 381 1044 dentem;
406 985 434 1035 et
458 977 697 1050 quemadmodum
719 975 829 1032 vidistis

246 1065 310 1106 erim
326 1055 440 1106 contem
457 1052 486 1108 in
501 1049 614 1116 coelum,
630 1049 659 1106 iu
675 1050 767 1106 torma
781 1049 831 1104 bu-

247 1135 339 1180 mana.
359 1121 403 1179 cui
418 1121 553 1194 competit
567 1120 657 1178 videri
671 1121 829 1178 oculiseor·

246 1192 403 1264 poralibus,
419 1197 448 1250 et
471 1192 577 1250 moveri
600 1192 636 1249 de
658 1192 720 1249 loco
734 1191 769 1248 ad
786 1191 830 1248 lo·

245 1279 319 1332 cum,
339 1265 378 1320 sic
401 1265 506 1334 veniet,
521 1262 551 1320 in
576 1265 675 1321 eadem
694 1265 787 1320 torma
801 1268 830 1320 et

245 1336 339 1391 carnis
357 1335 517 1394 substantia
531 1335 718 1406 adjudicium
737 1353 744 1392 :
761 1335 828 1407 quia

246 1404 318 1462 sicut
333 1406 385 1464 luit
395 1407 538 1480 judicatus
549 1408 677 1465 informa
691 1409 826 1478 humana,

245 1477 285 1534 sic
302 1479 396 1536 veniet
413 1480 450 1537 ad
466 1479 652 1552 judicandum
670 1479 826 1548 mundnm;

245 1555 441 1608 verumtamen
455 1551 599 1622 judicatos
621 1550 676 1608 luit
691 1552 720 1606 iu
736 1551 828 1608 torma

245 1621 370 1680 humana
388 1623 525 1692 passibili,
541 1622 669 1681 ascendit
685 1629 782 1679 autem
798 1620 827 1677 in

244 1694 357 1764 coelum,
372 1699 401 1751 et
412 1696 506 1752 veniet
518 1697 553 1752 ad
564 1693 714 1766 judicium,
729 1695 758 1750 in
772 1694 828 1748 lor

245 1781 291 1821 ma
308 1767 434 1823 humana
448 1765 583 1838 gloriosa,
602 1770 630 1822 el
647 1763 825 1836 impassibili.

245 1836 323 1892 Unde
342 1835 571 1906 ultramosanus
590 1856 599 1893 ε
623 1835 701 1894 «Sic
720 1837 826 1905 veniet,

243 1907 826 1978 quemadmodumvidistieumenntemin

242 1979 356 2046 omilim,
376 1979 404 2036 id
430 1989 473 2038 est
499 1981 528 2037 in
552 1981 643 2038 torma
659 1978 827 2037 hnmanain

242 2051 828 2136 quajudioatusest,judicabit,utetiamil·

243 2124 291 2180 lud
303 2124 496 2197 propheticum
506 2125 658 2198 impleatur
669 2141 676 2180 :
686 2125 827 2182 Videbunt

241 2193 271 2251 in
291 2211 375 2268 quem
398 2202 589 2281 pupuneront.
609 2217 624 2248 o
644 2197 676 2252 Et
693 2194 797 2254 iterum
819 2211 826 2250 τ

245 2287 259 2320 c
275 2269 374 2340 ltaque
385 2285 409 2326 si
425 2269 582 2328 rediturum
596 2283 661 2326 eum
675 2267 825 2335 oredimus,

243 2355 295 2396 uos
314 2345 478 2408 ersoectare
494 2341 643 2411 debemus,
661 2355 696 2396 ne
714 2339 753 2396 sic
774 2353 827 2396 uos

243 2413 467 2478 comorebeudat
494 2413 632 2469 adventus
659 2411 744 2480 illius,
770 2427 827 2468 non

244 2481 429 2552 suspicantes.
443 2485 516 2540 sicut
528 2481 745 2555 comprehendit
754 2499 827 2540 nunc

244 2555 393 2624 castigatio
405 2555 616 2626 delinquentes;
629 2555 736 2610 coertio
750 2569 827 2611 nam·

243 2640 298 2695 que
315 2629 498 2696 praesentium
518 2625 673 2696 imaginem
692 2625 779 2681 habet
797 2627 828 2682 in

243 2711 273 2752 se
287 2695 457 2754 futororum.
475 2695 636 2754 Cavendum
650 2703 692 2752 est
702 2712 782 2768 ergo,
792 2712 828 2754 ne

243 2766 266 2823 si
285 2768 313 2824 in
327 2767 466 2896 praesenti
486 2769 605 2826 verbere
627 2783 686 2825 non
704 2771 829 2841 corrigi-

242 2855 317 2909 mur,
339 2849 421 2898 utura
436 2839 587 2900 severitate
599 2842 771 2899 damnemur
786 2857 793 2897 :
813 2860 827 2896 c

208 2963 211 2968 .
243 2911 503 2982 hecenensium.

281 2991 310 3043 ιδ
326 2986 606 3054 Quouooorlrosrom
616 3002 745 3042 naeaassr
762 3001 829 3042 sorra

244 3075 270 3112 rs
289 3059 455 3115 lacusancti.
476 3087 508 3099 -
520 3057 676 3115 Considera
688 3056 745 3125 bic,
761 3073 828 3130 quo·

245 3129 327 3186 modo
348 3129 485 3188 Dominus
499 3131 579 3187 Jesus
595 3129 630 3185 de
645 3131 704 3186 suis
718 3129 830 3184 sollici-

244 3205 288 3257 tus
304 3201 364 3260 luit.
382 3203 451 3260 Nam
466 3200 562 3259 statim
576 3216 641 3258 cum
664 3201 778 3257 evanuit
793 3200 829 3258 ab

244 3273 332 3330 oculis
358 3290 468 3344 eornm,
489 3272 566 3330 misit
590 3272 711 3344 Angelos
738 3287 827 3329 suos:

245 3349 304 3402 tum
319 3351 349 3402 ut
368 3351 485 3402 moestos
504 3345 540 3401 de
566 3343 696 3402 absentia
716 3341 829 3400 Domini

243 3417 461 3474 consolarentur
482 3419 510 3472 et
536 3416 752 3484 confortarent;
769 3421 830 3473 tum

243 3493 273 3545 ut
300 3505 365 3546 eum
390 3505 457 3546 vere
481 3487 642 3545 ascendisse
660 3489 689 3543 in
716 3488 829 3558 coelum,

244 3561 351 3618 scilieet
367 3559 396 3616 in
414 3559 560 3632 regionem
579 3557 762 3630 Angelorum,
779 3559 830 3616 de-

244 3636 445 3700 monstrarent,
469 3647 527 3688 non
558 3629 631 3687 sicut
658 3631 774 3687 llenocb
802 3637 831 3688 et

243 3705 328 3774 Elias,
353 3706 400 3778 qui
421 3699 553 3760 translati
572 3707 638 3758 sunt
660 3701 689 3759 in
718 3701 829 3772 paredi-

243 3792 304 3832 sum
332 3781 506 3844 terrestrem,
528 3776 577 3846 qui
609 3773 676 3830 lieet
698 3777 829 3831 eminens

242 3847 288 3914 sit,
306 3853 417 3903 tantum
435 3847 571 3930 pertingit
585 3845 772 3903 sublunarem
787 3862 828 3902 re-

243 3919 376 3988 gionem3
392 3925 451 3976 tum
465 3935 499 3974 ne
512 3917 617 3975 diutius
629 3916 669 3974 ibi
684 3933 829 3974 moraren-

246 3996 291 4045 tur
312 3999 340 4044 ct
357 3989 475 4046 nimium
494 3989 532 4046 ibi
548 3994 656 4046 stantes
675 3989 828 4063 fatigaren-

244 4068 300 4134 tur,
314 4061 363 4118 sed
374 4060 468 4134 potius
481 4063 656 4131 recedentes,
670 4064 827 4134 promissio·

243 4149 304 4190 nem
311 4136 402 4192 Petris
413 4138 611 4204 exspectarent.
622 4136 705 4194 Tunc.
714 4131 827 4204 angelis

242 4206 349 4264 scillcet
362 4203 572 4276 disparentibus
583 4207 639 4278 ipsi
647 4248 653 4272 ,
668 4203 775 4261 seilicet
787 4203 828 4260 di·

244 4278 282 4336 sci
305 4273 827 4346 uli,inlocoubisteteruotnovissime

281 4295 828 4426 desejuscdorcntccchrtstum,scilicet

886 543 951 600 liter
960 542 1081 612 unitum,
1092 545 1272 598 recederent
1285 543 1469 610 Jeroaolom

887 620 1007 671 umente
1027 618 1077 686 qui
1096 618 1209 670 occatur
1223 615 1346 674 Oliveta'.
1367 616 1469 684 propter

887 689 997 756 copiam
1013 686 1163 752 olivarum,
1179 689 1230 758 oiri
1247 690 1293 741 eat
1304 685 1395 755 juata
1406 686 1471 740 Iera·

886 759 980 824 sulen,
996 759 1107 814 subbati
1123 759 1224 814 bobeno
1247 760 1317 816 iter.
1335 755 1365 812 id
1382 760 1422 810 est
1434 753 1471 809 iti·

887 846 955 888 nere
978 829 1100 896 sabbati,
1116 828 1223 886 scilicet
1242 828 1344 902 spatio
1359 823 1470 884 milliarii

886 901 995 959 distans
1010 903 1047 959 ab
1060 901 1219 958 Jerusalem
1237 918 1245 956 :
1266 901 1343 970 quia
1356 915 1411 954 non
1424 912 1472 976 am3

886 973 969 1056 pliori
984 974 1076 1046 spatio
1096 972 1199 1030 licebat
1218 973 1337 1030 ludaeis
1351 967 1472 1042 progredi

885 1061 915 1101 m
930 1045 1049 1104 sabbato
1060 1043 1173 1102 devilia
1188 1045 1230 1100 vel
1247 1043 1373 1100 civitate
1386 1043 1413 1098 in
1429 1054 1473 1111 qua
1534 1049 1535 1060 ¹

886 1123 986 1184 erant;
1014 1117 1065 1174 sed
1092 1115 1168 1174 eirca
1191 1131 1245 1188 per
1273 1115 1359 1172 mille
1384 1125 1473 1193 passus

886 1188 1071 1246 deambulare
1099 1191 1245 1260 poterant.
1275 1188 1370 1244 Vetus
1398 1184 1473 1264 editio

884 1259 1008 1318 habeta
1032 1263 1127 1317 monte
1147 1260 1234 1316 trium
1258 1258 1418 1316 luminum.
1437 1255 1472 1334 Sic

885 1338 980 1388 autom
995 1332 1088 1388 dictus
1101 1335 1143 1388 est
1158 1345 1243 1388 mons
1260 1330 1375 1388 Olivoti
1393 1345 1401 1384 ε
1417 1339 1473 1406 quia

885 1403 921 1460 de
941 1411 1024 1460 nocte
1039 1419 1072 1460 ex
1086 1407 1167 1476 parte
1181 1401 1356 1461 Occidentis
1371 1399 1472 1482 llltlmtr

884 1475 1007 1532 uebatur
1027 1476 1092 1602 iffne
1119 1473 1228 1547 templi,
1245 1475 1300 1532 ubi
1326 1475 1392 1530 erat
1410 1483 1473 1540 ignis

881 1546 960 1619 jugis
975 1546 1004 1603 in
1024 1546 1106 1603 atari
1119 1564 1127 1614 ;
1142 1563 1224 1604 mane
1239 1563 1258 1604 a
1279 1551 1368 1618 parte
1388 1543 1473 1600 Omen-

885 1617 921 1675 tis
935 1618 1028 1690 primo
1043 1617 1200 1688 excipiebat
1212 1618 1318 1676 radios
1335 1615 1417 1682 solis,
1430 1628 1471 1668 an·
1535 1649 1536 1662 ,

884 1695 1000 1762 tequam
1016 1689 1193 1746 illustrarent
1207 1689 1378 1754 civitatem3
1396 1685 1472 1742 babo·

885 1762 933 1818 bat
948 1763 1035 1818 etiam
1054 1761 1165 1833 copiam
1181 1761 1247 1830 olei,
1266 1761 1352 1834 quod
1369 1763 1411 1817 est
1434 1755 1469 1810 lu-

886 1832 969 1890 minis
983 1833 1149 1890 lomentum.
1161 1836 1196 1890 Et
1205 1836 1264 1904 ipsa·
1275 1833 1403 1903 reni-caat
1412 1829 1467 1906 uolt

883 1907 913 1962 in
926 1907 1077 1962 Jerusalem
1092 1921 1153 1961 eum
1164 1906 1270 1974 erudio
1283 1919 1400 1972 macno.
1412 1911 1468 1970 (1111ι

884 1966 1466 2107 omniamysteriaerantileetainCbr'e

884 2055 938 2105 sto.
955 2050 1138 2107 Letebantur
1150 2053 1245 2106 autem
1282 2066 1299 2107 e
1319 2049 1371 2106 Dei
1387 2043 1467 2102 elbo·
1535 2097 1536 2100 ,

883 2121 954 2177 mini
980 2120 1023 2178 sui
1049 2119 1267 2194 glorificatione,
1299 2133 1390 2193 quem
1415 2117 1469 2186 poll

884 2191 1061 2266 triumphum
1076 2192 1309 2250 Resurrectionis
1320 2191 1408 2250 etiam
1422 2199 1466 2241 ccc·

884 2263 926 2320 los
937 2269 1326 2338 cognoverantpenelrasse3
1342 2259 1468 2320 laetaban-

885 2340 931 2392 tur
948 2347 977 2393 et
996 2337 1032 2394 de
1051 2335 1168 2394 humani
1195 2340 1314 2410 generis
1336 2329 1468 2411 comolet!

885 2408 1096 2480 redemptione
1107 2409 1143 2465 de
1154 2408 1372 2466 restauratione
1385 2413 1467 2460 ruma

884 2481 1069 2552 Angelorum,
1084 2485 1113 2538 et
1131 2480 1167 2537 de
1181 2480 1349 2554 dejectione
1367 2479 1469 2534 demo·

884 2543 1466 2624 num;deconlusioneludaeorumintidc·
1534 2613 1535 2622 χ

886 2623 964 2694 lium,
980 2625 1057 2681 etde
1072 2623 1195 2698 Spiritus
1210 2625 1308 2682 Sancti
1327 2613 1466 2702 promissi·

886 2711 950 2760 one,
965 2695 1000 2752 de
1013 2696 1146 2754 humanae
1162 2704 1272 2754 naturae
1288 2695 1465 2772 exaltatione,

886 2767 1464 2840 etdecertaspecenemlisresurrectroms

885 2844 913 2896 et
923 2839 1094 2895 ascensionis
1106 2839 1219 2897 loturae.
1231 2841 1267 2896 Ex
1276 2855 1336 2912 quo
1344 2835 1419 2896 enim
1428 2845 1465 2887 ot·

885 2916 936 2984 put
950 2917 1147 2968 resurrexerat
1156 2917 1185 2969 et
1200 2913 1384 2978 ascenderat,
1398 2905 1462 2962 idem

886 2982 961 3039 etde
973 2982 1109 3040 membris
1124 2993 1268 3058 procerte
1284 2996 1402 3058 sperare
1411 2977 1462 3050 pol·

886 3060 978 3111 erant.
997 3056 1075 3112 lianc
1095 3065 1192 3113 autem
1210 3055 1344 3113 ultimam
1362 3061 1463 3127 procae:

885 3125 994 3184 sionem
1008 3125 1213 3199 discipulorum
1229 3137 1292 3199 post
1304 3131 1413 3191 lesum,
1423 3129 1462 3190 qul

885 3197 1062 3255 unanimiter
1075 3205 1141 3256 sunt
1163 3198 1269 3272 egressi
1289 3207 1319 3256 et
1332 3201 1428 3274 postca
1440 3204 1463 3244 u·

887 3269 1040 3327 uanimiler
1054 3273 1120 3327 sunt
1134 3271 1266 3354 regressi,
1284 3261 1464 3348 represent³¹

887 3341 1022 3412 Ecclesia,
1032 3341 1189 3399 [lominicis
1201 3343 1312 3412 diebus,
1322 3338 1462 3417 egredien-

886 3413 923 3470 do
940 3416 973 3470 de
990 3414 1122 3484 ecelesia,
1139 3423 1166 3472 ct
1181 3415 1329 3472 redeundo
1345 3414 1381 3472 ad
1397 3417 1464 3469 eam,

887 3485 968 3558 quasi
984 3485 1019 3543 de
1035 3485 1208 3556 Jerusalem,
1222 3487 1339 3546 rediens
1354 3485 1382 3544 in
1396 3483 1464 3556 lert·

886 3556 985 3616 salem.
1003 3559 1084 3614 Unde
1101 3557 1130 3616 in
1146 3575 1179 3616 eo
1199 3559 1274 3631 quod
1297 3560 1334 3617 de
1356 3553 1463 3615 ecclesa

886 3629 1052 3704 egredimur
1063 3645 1177 3688 erucem
1189 3630 1303 3689 Domini
1318 3627 1461 3759 flaefelfflss
1534 3655 1535 3680 r

886 3702 932 3768 do,
950 3706 1189 3774 repraesentamus
1213 3703 1290 3786 quod
1310 3703 1351 3760 ili
1365 3703 1460 3772 egresst

884 3777 960 3838 sunt,
974 3781 1122 3846 praeeonte
1150 3775 1309 3844 Crurillx0;
1325 3773 1356 3832 in
1370 3787 1401 3830 eo
1415 3779 1458 3824 au·

885 3849 941 3900 tem
952 3845 1028 3918 quod
1040 3861 1103 3901 com
1114 3861 1196 3904 cruce
1206 3845 1318 3904 Domini
1332 3843 1455 3903 redimus,
1534 3833 1535 3880 l

883 3914 949 3973 licet
967 3918 1011 3974 ille
1029 3915 1092 3974 siue
1107 3917 1246 3975 Crucillao
1262 3918 1406 3982 redierint,
1417 3923 1454 3964 tt·
1534 3915 1535 3923 ’

884 3995 1097 4060 praesentamus,
1119 3989 1196 4062 quod
1215 3989 1255 4046 ait
1271 4007 1278 4047 :
1293 3993 1360 4048 llaec
1376 3983 1454 4044 cats-

885 4077 945 4117 eum
967 4077 1132 4144 sumasque
1149 4063 1188 4118 od
1212 4062 1451 4133 comraemmcumeu

883 4135 978 4198 seculi,
994 4149 1060 4208 quia
1074 4135 1140 4190 licet
1161 4149 1218 4190 nou
1239 4133 1357 4192 redierit
1370 4133 1450 4191 crull·

884 4203 1043 4262 bruscum
1068 4204 1109 4261 eis
1129 4209 1283 4280 praesentia
1309 4193 1452 4278 corporali,
1533 4257 1534 4260 ,

884 4275 969 4332 rediit
990 4283 1165 4336 tamencum
1181 4277 1223 4335 eis
1242 4277 1391 4352 presentia
1402 4283 1448 4352 sot·

883 4347 988 4406 rituali.
1004 4349 1036 4406 ln
1058 4347 1201 4421 primitiva
1226 4355 1322 4410 autem
1341 4345 1451 4408 noima

244 4367 332 4483 ssssum
347 4429 376 4483 et
393 4421 549 4494 hominem,
567 4423 598 4479 ut
613 4421 671 4478 Deo
686 4433 827 4492 persona-
881 4417 1046 4494 bujusmodi
1053 4415 1450 4496 representatiodebalquinlt
1533 4437 1534 4514 i
