3036 5042
216 433 248 488 ee
466 393 479 401 “
555 427 712 486 arneson
740 425 862 483 llhtls
889 427 995 482 cerm
1023 429 1098 484 exn

214 536 332 612 emptio,
346 537 527 606 dillerretur;
543 539 645 610 quarto
661 533 802 608 exempla·
833 552 836 613 2
858 531 1381 666 variimpctrayeraotablmgeratore
1396 539 1443 598 llo

214 609 295 680 riter,
311 617 342 668 ut
354 609 435 670 daret
450 607 532 668 nohis
542 607 690 737 patientia
710 622 803 664 erem·
833 649 835 657 .
859 621 1022 677 manorum,
1036 613 1109 666 sicut
1122 608 1247 668 lucrato
1269 615 1389 668 servata
1401 628 1442 670 an-

215 682 304 754 plum,
324 687 352 738 et
370 681 499 755 impleret
520 679 539 740 il
553 681 589 738 ud
615 682 695 738 lsaiae
716 679 752 736 de
771 695 803 736 se
833 664 837 763 ζ
860 680 1100 762 tequamtudaea
1118 685 1205 764 esset·
1221 679 1361 764 hamanis
1387 683 1444 742 snb

213 752 804 884 {aelementis“bellethe
857 749 1445 896 tellittllltbltttllbtlelll

216 895 315 969 igitur,
325 901 356 954 ut
368 871 437 953 dieb
447 841 605 966 Amelmeffs,
617 895 682 952 ride
695 898 803 951 attente
834 862 838 994 ἱ
859 895 985 950 Habebat
996 865 1091 950 autem
1105 867 1189 961 turea,¹
1199 897 1228 952 in
1243 911 1374 961 carcere.
1391 869 1446 956 riu:

218 968 362 1040 quomodo
370 972 426 1026 stat
435 973 501 1026 ante
509 968 632 1026 Pilatum
640 965 804 1040 Praesidem,
834 1003 836 1045 ,
860 971 933 1023 ctum
954 969 1101 1036 insinuem,
1114 971 1164 1038 qui
1178 967 1327 1025 dicebatur
1340 971 1445 1026 Bana-

217 1037 583 1113 inclinatosoilicetcapite,
595 1039 803 1096 demissisocu·
833 1076 835 1119 ,
861 1037 919 1096 bas.
938 1036 1047 1095 Pilatus
1065 1054 1135 1110 ergo
1153 1038 1247 1097 sciens
1262 1056 1312 1097 eos
1327 1041 1444 1113 cupidos

217 1109 349 1182 lis,vultu
357 1111 480 1185 placido,
490 1126 622 1169 sermone
632 1126 709 1180 raro,
738 1126 802 1167 ara·
832 1122 835 1186 l
859 1108 895 1166 de
914 1110 1093 1168 observanda
1111 1109 1161 1168 illa
1180 1111 1402 1184 consuetudine,
1419 1121 1445 1170 et

216 1125 803 1266 tusadopprobria,promptusqueagver-
858 1196 892 1238 er
904 1181 995 1264 altera
1013 1186 1096 1254 parte
1114 1183 1192 1254 qnod
1212 1185 1356 1241 Barrabas
1369 1191 1443 1242 esset

216 1255 295 1313 hera.
304 1255 481 1329 Quandoque
491 1253 800 1336 Dominusrespondet,
830 1240 834 1347 J
857 1267 1008 1335 passimus,
1024 1257 1053 1310 et
1071 1255 1176 1336 populo
1198 1255 1325 1337 cadimus,
1341 1271 1442 1329 propo

215 1329 386 1400 quandoque
410 1343 468 1384 non
487 1326 643 1400 respondet
663 1342 669 1382 ι
686 1326 734 1382 ubl
749 1341 801 1382 re·
829 1356 832 1376 ι
857 1329 915 1381 suit
938 1341 980 1382 e1s
1003 1325 1056 1382 sub
1083 1325 1268 1384 distinctione
1297 1327 1443 1400 optionem

215 1398 346 1471 spondet,
362 1397 443 1472 qnasi
468 1406 567 1482 pastor
588 1399 682 1454 bonus
705 1397 799 1466 docet,
829 1389 831 1409 '
856 1394 965 1466 dicens,
981 1396 1058 1468 quod
1077 1397 1113 1454 ad
1132 1399 1270 1456 honorem
1286 1399 1351 1456 iesti
1368 1399 1442 1458 libe-

214 1475 242 1528 et
257 1487 308 1544 pro
326 1470 441 1528 creditis
455 1471 509 1528 eibi
522 1470 623 1528 ovibus
641 1472 739 1527 contra
754 1468 800 1526 lu·
827 1458 831 1532 l
855 1473 933 1524 rarat
944 1467 985 1524 eis
996 1470 1153 1526 Barrabam
1165 1471 1209 1526 vcl
1221 1472 1367 1540 desumet
1381 1473 1442 1530 nul·

213 1559 315 1615 porum
326 1545 526 1614 latronumque
541 1541 657 1598 insidias
671 1545 797 1612 pugnat3
827 1542 830 1613 l
855 1538 914 1596 lum
926 1539 1210 1610 aliumcamprepatis
1222 1558 1284 1612 erpa
1295 1545 1444 1600 illisdieil

212 1614 261 1674 ubi
275 1632 342 1672 nero
356 1631 413 1674 non
427 1615 593 1688 respondet,
609 1612 690 1684 quasi
709 1628 799 1683 agnus
854 1613 974 1676 Pilatus.
993 1629 1072 1684 quem
1086 1616 1172 1670 uultis
1188 1615 1330 1672 dimittam
1345 1618 1442 1672 uobis:

165 1725 171 1738 ·
212 1703 264 1760 pro
285 1691 344 1746 toto
366 1703 452 1760 grege
466 1685 660 1744 immolandus
674 1683 749 1753 silet,
769 1691 799 1742 et
854 1684 1349 1756 Barrabamantesum,quidicitur
1361 1689 1443 1746 Chri-

212 1757 380 1842 paticntiam
394 1761 521 1831 praestat.
537 1757 571 1814 lit
585 1755 694 1838 utinam
711 1755 797 1816 modo
854 1767 914 1812 etus
927 1753 940 1815 l
955 1757 1009 1814 Per
1023 1756 1078 1814 hoc
1093 1755 1236 1814 subtiliter
1252 1757 1391 1818 credebat
1405 1760 1444 1818 li—

211 1835 412 1900 rnootesceret,
427 1829 541 1902 quando
563 1843 645 1902 quasi
664 1843 753 1900 agnus
770 1831 798 1886 et
854 1823 955 1884 herare
974 1829 1071 1888 lesum
1091 1828 1126 1886 de
1146 1845 1287 1888 consensu
1302 1831 1443 1900 ipsorum,

213 1903 328 1980 quando
348 1900 430 1976 quasi
449 1907 547 1974 pastor
565 1898 656 1972 quivis
672 1915 735 1958 esse
751 1901 797 1958 de·
855 1897 924 1970 quia
939 1915 996 1956 non
1007 1900 1142 1958 credebat
1150 1899 1246 1974 aliquo
1255 1901 1351 1970 modo,
1363 1905 1444 1976 quod

212 1977 293 2038 heret
319 1979 350 2032 ul
363 1973 450 2034 sciret
466 1972 582 2047 quando
596 1979 689 2030 tacere
710 1979 738 2030 et
754 1988 797 2030 re·
854 1975 985 2042 peterent
1005 1971 1205 2032 liberationem
1226 1975 1372 2044 barraba,
1395 1979 1445 2048 qui

213 2018 355 2120 spondere
388 2045 526 2105 baberetl
560 2043 696 2128 Quamvis
728 2059 797 2116 ergo
855 2048 914 2098 erat
933 2049 962 2099 et
982 2049 1096 2129 propter
1114 2045 1275 2102 seditionem
1290 2047 1444 2118 quomdam

213 2119 385 2194 quibusdam
418 2117 692 2190 interrogattomboe
721 2132 797 2188 sape
853 2113 959 2186 [actam
969 2117 999 2172 iu
1012 2119 1124 2174 ciuitate
1136 2121 1162 2174 et
1174 2117 1363 2186 hammidium,
1373 2123 1443 2176 mis·

212 2190 402 2266 responderit,
417 2189 532 2263 quando
552 2193 649 2248 mmeo
671 2203 796 2260 respon·
853 2200 900 2242 sus
915 2189 945 2244 iu
964 2203 1110 2258 carcuem,
1128 2195 1157 2246 et
1176 2187 1240 2246 ideo
1254 2190 1398 2262 pessimoe
1415 2197 1443 2248 et

212 2265 280 2324 dere
297 2263 399 2333 noluit,
411 2279 468 2322 non
492 2263 567 2320 sicut
587 2276 655 2318 reus
676 2263 705 2318 et
722 2259 796 2318 male
854 2255 910 2314 insi
932 2257 986 2321 nis.
1001 2275 1059 2320 non
1078 2257 1227 2320 nobilitate
1245 2261 1372 2342 generis,
1390 2263 1441 2320 sed

210 2335 266 2394 sibi
281 2333 422 2404 conscius,
435 2333 482 2406 qui
494 2332 529 2389 de
541 2330 665 2412 peccatis
676 2332 796 2388 conrin—
853 2343 887 2386 ax
905 2273 1067 2411 Famositate
1082 2329 1126 2388 sui
1140 2330 1279 2402 criminis,
1317 2331 1364 2390 uia
1380 2341 1442 2391 erat

211 2407 329 2484 cehatnr
352 2404 422 2474 suis,
439 2403 493 2486 sed
513 2402 585 2460 sicut
608 2418 744 2483 innocens
768 2407 797 2460 et
852 2401 924 2458 tabu
933 2401 1060 2484 publicus
1070 2401 1257 2485 etiamalitia
1267 2349 1313 2462 vd
1354 2411 1441 2464 tusel

210 2473 795 2556 mansuetusquepropeccatisrimmola·
851 2471 1106 2556 famosus3et1deo
1117 2474 1224 2534 Pilatus
1235 2477 1317 2534 crede
1358 2483 1441 2536 tme-

210 2545 558 2608 baturalienis.Et1deo
581 2543 737 2602 similitudo
759 2543 795 2604 de
822 2593 826 2612 ,
851 2546 1082 2604 ritolesumessc
1091 2545 1325 2620 praeligendum,
1334 2550 1441 2608 sciebat

208 2636 282 2694 agno
298 2617 366 2678 data
381 2621 435 2682 est,
454 2623 484 2676 ut
497 2616 527 2673 io
545 2631 595 2674 eun
607 2613 722 2674 silentio
736 2632 794 2674 noo
852 2615 928 2676 enim
940 2632 1004 2676 cum
1016 2615 1332 2692 innoccntem,etauod
1341 2625 1442 2694 peria-

208 2707 285 2760 reus,
301 2689 352 2748 sed
364 2687 503 2748 innocens
521 2687 686 2747 haberetur.
850 2687 957 2746 vidium
967 2689 1148 2750 tradidissent
1158 2707 1229 2762 eum,
1263 2707 1311 2750 ura
1324 2691 1440 2764 publice

244 2763 339 2822 allos
362 2778 506 2820 amaneum
532 2775 745 2818 uansrncroaau
765 2779 792 2818 m
850 2761 989 2840 arguebat
1016 2759 1085 2818 sitia
1113 2778 1225 2820 eorum.
1240 2707 1382 2836 hagnam,
1405 2771 1439 2824 ut

208 2853 290 2892 rasro
305 2835 427 2892 Pescen.
445 2864 479 2876 -
495 2834 547 2892 Per
558 2829 631 2890 diem
644 2836 735 2890 autem
748 2847 791 2890 so·
851 2829 1019 2912 dictumest,
1030 2831 1208 2904 diliacntiam
1220 2833 1328 2894 Pilatus
1342 2844 1442 2896 osten·

208 2909 321 2968 lemnam
342 2907 446 2966 testum
463 2905 599 2974 Paschae,
618 2907 794 2962 consueuerat
851 2901 902 2972 dit,
923 2907 955 2959 ut
978 2903 1125 2964 Christum
1150 2904 1309 2964 liberaret:
1330 2907 1442 2982 primo,

208 2981 310 3040 Prases
356 2979 448 3050 epulo,
464 2975 493 3036 id
509 2983 551 3034 est
569 2977 606 3034 ad
627 2973 794 3047 petitionem
850 2989 902 3048 par
916 2973 1121 3048 innocentiam,
1139 2979 1207 3049 qnia
1226 2993 1329 3038 manns
1349 2981 1439 3040 llam·

208 3049 316 3180 populi,
327 2996 466 3108 dimittere
478 3065 562 3132 unum
573 3049 705 3130 uinctum,
715 3063 795 3129 quem
851 3043 896 3126 dis
908 3053 1038 3130 evaserat
1049 3065 1057 3118 ;
1071 3048 1204 3118 secundo,
1215 3065 1268 3177 Per
1281 3059 1440 3110 consuetu·

207 3140 241 3181 oo
255 3121 430 3194 mesomelas
438 3127 604 3180 mentorum
613 3119 794 3190 discretione,
851 3115 958 3188 dinem,
976 3135 1043 3190 qula
1056 3136 1120 3178 eum
1138 3137 1213 3192 praee
1227 3121 1365 3194 igendnm
1378 3139 1442 3184 cre·

207 3195 238 3254 in
267 3194 436 3256 memoriam
464 3189 642 3252 liberationis
667 3189 793 3272 liliorum
850 3188 955 3259 debat,
973 3187 1003 3272 in
1017 3206 1073 3262 qno
1096 3191 1194 3252 datum
1211 3201 1255 3250 est
1274 3195 1440 3269 exemplum
1507 3195 1508 3216 ¹

207 3269 291 3332 lsrael
307 3269 343 3328 de
359 3267 525 3341 egyptiaca
544 3266 792 3336 servitutemque
850 3259 999 3318 laborandi
1022 3262 1058 3320 ad
1078 3262 1276 3324 liberationem
1289 3263 1439 3326 innoeen-

205 3339 337 3400 benetlcii
353 3337 493 3398 memoria
506 3337 536 3396 in
546 3331 728 3394 solemnitate
744 3350 791 3408 pa·
848 3337 920 3392 tum.
934 3333 1012 3392 Unde
1021 3333 1061 3392 ait
1072 3335 1299 3406 chrysostomus:
1314 3360 1328 3390 a
1340 3339 1375 3396 st
1387 3339 1437 3398 in·

206 3411 297 3470 sebali
317 3411 415 3480 flebat,
430 3409 507 3482 quod
527 3424 561 3464 ea
575 3407 622 3464 die
640 3406 676 3464 de
696 3405 790 3487 serli-
848 3409 929 3464 tuere
947 3404 1102 3478 sapienter,
1115 3424 1172 3468 non
1186 3408 1354 3482 enimdixit,
1366 3411 1437 3484 quia

206 3489 266 3541 lule
279 3481 437 3540 Pharaonis
449 3477 556 3552 egressi
571 3479 711 3546 erant3in
725 3475 789 3534 ahis
846 3476 974 3549 peccarit
987 3481 1015 3536 et
1032 3478 1133 3550 dignm
1148 3485 1191 3538 est
1208 3487 1311 3552 morte,
1327 3481 1437 3540 donari

205 3559 303 3614 antem
325 3552 406 3610 iestis
434 3567 492 3608 non
521 3549 562 3606 sic
591 3549 688 3606 llebat.
718 3549 789 3631 Quia
847 3564 913 3608 enm
927 3564 960 3606 ex
976 3549 1067 3620 iesto;
1084 3549 1135 3608 sed
1153 3551 1278 3624 primum
1297 3569 1366 3614 enm
1385 3571 1439 3614 ex·

204 3625 281 3684 enim
296 3623 419 3682 innecte
433 3621 680 3694 Paschaehogelus
694 3621 788 3680 Domi·
846 3635 948 3678 cusaos
963 3623 993 3678 et
1006 3637 1112 3680 eruens
1132 3639 1150 3680 a
1171 3639 1259 3682 causa
1277 3627 1369 3697 omni,
1386 3631 1435 3684 ta·

204 3695 234 3754 ni
249 3695 368 3756 salvavit
382 3695 527 3766 Hebraeos,
539 3691 717 3777 etpcrcussit
747 3691 787 3750 ri·
845 3707 912 3750 men
930 3699 1012 3766 rogat
1030 3709 1064 3750 ax
1083 3695 1340 3767 superabundanti,
1360 3697 1437 3756 utsi

202 3768 347 3842 mogenita
360 3767 565 3840 AEgyptiorum
580 3765 657 3848 1deo·
671 3763 708 3822 ad
725 3708 786 3820 gloc
843 3763 952 3822 nollent
975 3763 1124 3847 innoxium
1151 3763 1309 3838 dimittere,
1329 3769 1438 3828 saltem

200 3841 465 3912 repraesentandum
489 3843 519 3898 ot
538 3852 707 3898 memoriam
726 3835 785 3892 hu·
842 3839 874 3894 ut
889 3835 1041 3896 obnoxium
1054 3837 1196 3896 donarent
1209 3839 1284 3896 testo
1299 3841 1344 3900 vel
1363 3845 1440 3899 tcm-

198 3913 247 3984 Jus
261 3911 404 3981 beneficii,
418 3911 448 3968 in
467 3881 520 3992 hac
533 3907 713 3992 solemnitate
728 3907 783 3965 eal·
842 3907 905 3980 pori
923 3923 930 3968 ι
948 3927 962 3961 u
981 3909 1042 3968 bae
1056 3909 1278 3980 chrysostomus.

200 3983 409 4042 vabnntunnm
428 3987 511 4040 morti
531 3995 736 4054 propinquum,
756 3983 784 4038 et
878 3979 1002 4038 bvrsor
1029 3997 1128 4038 oxoms
1157 3981 1262 4040 Pinari.
1280 4015 1316 4028 —
1341 3987 1441 4054 Tune,

199 4053 312 4126 aliquos
331 4053 543 4112 interficiebant
562 4051 713 4110 devinctis
734 4047 783 4123 qui
841 4051 950 4108 sedeate
964 4055 1055 4110 autem
1069 4054 1119 4110 illo
1129 4055 1342 4127 pratrtbuaatt,
1353 4060 1440 4114 mist

200 4126 434 4186 custodiebantur
446 4125 483 4184 ad
502 4121 707 4192 occidendum,
726 4121 782 4204 yel,
841 4123 880 4180 ad
895 4139 955 4180 eum
973 4141 1044 4180 acor
1063 4125 1133 4196 ejus,
1150 4124 1267 4184 nomine
1295 4127 1439 4196 Procula,

200 4201 255 4258 hoc
271 4198 412 4256 iaciebant
424 4195 454 4256 in
465 4193 633 4256 memoriam
645 4200 783 4256 transitus
841 4194 933 4252 diceas
952 4215 961 4252 ε
980 4197 1060 4255 Nihil
1088 4197 1140 4254 tibi
1166 4203 1192 4254 et
1214 4198 1293 4270 justa
1316 4203 1365 4257 illi
1394 4199 1439 4258 sit

201 4271 289 4334 maris
307 4269 396 4336 rubri,
410 4269 441 4328 in
463 4285 519 4342 qun
536 4265 587 4344 lilii
612 4266 699 4324 lsrael
720 4265 782 4322 lue·
840 4267 994 4337 censensi
1006 4269 1427 4342 contraiustumilluin.Quasi

202 4349 271 4406 runt
299 4341 423 4413 liberati,
443 4345 472 4400 et
485 4335 607 4414 AEgyphi
624 4335 779 4422 pubmersi.
840 4335 947 4421 diceret
962 4337 1056 4398 :Nihil
1070 4341 1178 4422 habeas
1192 4358 1295 4424 eausa,
1314 4361 1370 4404 nec
1383 4344 1433 4406 in·

201 4417 235 4474 ln
249 4413 333 4476 istam
352 4414 588 4476 consuetudinem
606 4427 648 4471 crs
663 4425 781 4468 censer·
840 4413 983 4474 tromrttas
997 4417 1025 4471 te
1040 4411 1319 4478 adinterhctendum
1332 4415 1435 4478 homi-
