2974 5040
389 469 429 528 bl
456 473 594 540 tintll,
623 473 655 528 ΙΝ
682 473 848 530 usstost
876 473 1010 530 bouill.
1280 469 1312 524 tt

84 571 112 634 iu
137 593 221 636 cruca
247 578 374 638 allevari.
393 580 524 638 Peccavit
546 581 665 652 Pilatus,
692 585 694 643 l
721 583 1309 654 tuisscscrnciltpenrucidpeenmutnon

83 666 133 706 nec
144 657 306 721 excusatur,
317 651 384 724 quia
399 669 463 710 cum
475 655 562 725 judex
578 661 663 725 esset,
692 654 694 689 l
722 653 763 711 illi
791 659 902 712 tanturn
929 655 1109 726 reperiantur
1134 651 1310 711 crucillxisss

692 736 694 772 l
720 729 829 794 lesum,
844 725 875 783 id
891 733 934 783 est
951 725 1066 794 milites,
1082 724 1130 854 {ui
1146 739 1211 782 eum
1229 723 1309 796 ligno

695 848 697 875 ,
721 797 1084 870 crucisserlaborasuspcu
1106 801 1310 864 erunt,verum

83 722 273 780 tenebaturcx
282 722 376 781 tellicio
387 741 502 783 servare
511 725 663 796 justitiam,

82 799 109 850 et
136 809 190 850 nen
218 795 320 852 timore
345 797 448 854 cedere
476 797 584 866 debuit,
612 815 665 854 nuc

81 879 188 934 amore,
203 871 237 923 ut
264 867 371 924 laceret
394 873 596 938 contrusam
617 869 665 941 qui

695 873 807 937 letiam
826 868 930 931 Judaei.
958 869 1006 940 qui
1035 873 1065 926 ut
1090 866 1309 938 crucifigeretur

82 938 105 991 si
127 939 246 1019 omnino
269 939 424 1022 voluisset,
445 951 531 1012 qoem
554 942 665 1022 justum
696 962 699 1041 ι,
721 941 794 998 hora
803 941 887 1022 tertia
898 941 1102 1022 clamaverunt.
1115 959 1129 992 v
1142 941 1175 996 Et
1186 938 1308 996 iterum:

82 1017 324 1078 pronuntiaverat,
341 1017 369 1067 et
383 1028 494 1083 eripere
513 1019 663 1083 potuisset.
697 1046 699 1063 .
723 1034 738 1064 n
755 1015 938 1083 llpparvtores
963 1017 1113 1084 potestatis
1135 1011 1208 1067 hora
1231 1013 1311 1066 sexta

83 1078 173 1135 Minus
188 1086 286 1138 tamen
303 1085 429 1154 peccavit
449 1099 534 1154 otram
546 1083 636 1140 Jndaei
654 1101 660 1142 :

83 1150 182 1208 institit
192 1152 271 1208 enim
283 1164 421 1224 quesitum
434 1157 574 1226 potnit,ut
585 1155 665 1212 illum

84 1238 230 1280 cneorum
247 1226 380 1282 manibus
393 1225 541 1295 libcrarrt;
557 1234 585 1281 ct
604 1229 666 1296 cius

83 1293 218 1351 motivum
235 1293 289 1352 luit
305 1295 400 1354 minus
412 1297 529 1366 malum,
543 1297 666 1369 quintu·

83 1365 134 1420 daei
158 1367 196 1422 ad
222 1367 412 1425 occidendum
437 1369 580 1425 Christum
598 1369 665 1426 moti

84 1441 147 1492 sunt
162 1455 213 1506 per
225 1455 379 1496 rancorem
392 1446 421 1496 et
434 1440 542 1508 odium,
559 1441 666 1498 Pilatus

84 1523 146 1564 verr
161 1517 282 1580 propter
296 1513 429 1568 timorem
446 1510 567 1569 cesaris
581 1519 610 1570 et
625 1515 666 1570 la-

84 1595 175 1636 vorem
189 1582 367 1639 Judsuorum.
389 1582 435 1640 Sic
449 1599 518 1654 ergo
537 1583 577 1640 eis
595 1601 668 1642 con-

84 1651 266 1724 semitonia,
276 1655 557 1723 cumallectu,lurori
567 1672 667 1714 eorum

83 1721 207 1780 obviasse
224 1723 319 1796 potnit
335 1743 342 1781 :
358 1726 499 1783 consentit
515 1726 602 1796 enim,
618 1729 666 1799 qui

83 1809 142 1850 cum
157 1801 254 1878 potcst
272 1813 404 1868 arguere,
419 1798 597 1925 nonarqguiu
609 1815 665 1856 non

83 1873 220 1924 consensit
238 1873 338 1925 tamen
352 1885 491 1926 consensu
506 1886 601 1940 peno,
617 1871 666 1927 scd

83 1943 185 1994 coacto.
203 1939 286 1996 Sicut
299 1945 396 1998 autem
410 1945 476 1998 tunc
492 1941 611 2010 Pilatus,
626 1943 667 1998 sic

84 2007 161 2064 bodie
180 2009 292 2067 iaciunt
310 2011 392 2068 multi
415 2011 539 2095 Judices,
563 2013 667 2070 timore

85 2083 123 2134 vel
139 2082 235 2139 lavore
251 2097 272 2138 a
284 2083 402 2140 veritate
412 2083 511 2155 judicii
522 2083 667 2142 declinen-

86 2157 132 2219 tes,
148 2159 176 2208 et
197 2153 344 2226 justitiam
361 2156 570 2212 subvertentes.
595 2157 665 2212 Ecce

85 2224 221 2294 quomodo
238 2225 492 2284 innocentissimus
513 2228 620 2299 Agnus,
638 2232 668 2284 ut

87 2301 139 2351 tea
154 2295 261 2353 'udicio
276 2303 304 2354 ot
314 2297 565 2368 lamentojulaeet
579 2305 665 2356 aeter-

85 2381 125 2421 nae
138 2312 332 2425 ‹iamnatiouis
339 2369 472 2442 eriperet,
481 2368 587 2442 injuste
601 2386 665 2443 pro·

87 2445 143 2505 pter
158 2443 185 2494 te
210 2438 325 2511 judicio
352 2439 481 2498 damnari
503 2443 661 2516 praeclegil;

85 2523 145 2564 ecce
157 2526 219 2580 qum
233 2527 295 2568 non
307 2511 402 2584 rapuit
415 2528 468 2584 pro
481 2517 509 2569 te
522 2512 619 2582 solvit;
636 2519 665 2570 et

85 2583 122 2646 tu,
136 2581 308 2639 animameu
323 2599 445 2655 nequam
457 2589 485 2640 et
496 2583 594 2656 impia,
611 2601 664 2642 nuc

84 2650 235 2711 devotionis
267 2654 351 2710 solvis
372 2655 587 2727 pinguedinem,
612 2673 664 2712 nec

84 2724 665 2800 compassionisretundisallectum.Cogi·

70 2797 260 2865 aequantem
274 2799 357 2854 aurici
370 2799 432 2870 eius
447 2797 642 2856 clamaverunt
655 2841 663 2869 ,

85 2867 190 2935 quando
203 2869 283 2926 illarn
295 2869 466 2926 senteutiam
482 2869 662 2927 audiverunt.

721 1086 819 1142 lesum
836 1082 1055 1149 crucifixerunt;
1073 1081 1312 1155 prevaricatores

723 1154 805 1227 Legis
820 1155 892 1212 hora
905 1154 991 1212 tertia
1005 1154 1212 1212 clamaverunt.
1229 1151 1312 1234 Quod

722 1226 764 1284 illi
788 1227 932 1296 manibus,
957 1228 1029 1283 hora
1058 1229 1154 1292 sexta;
1181 1225 1237 1281 boc
1264 1227 1311 1279 vstr

723 1298 830 1381 lingua,
851 1299 923 1356 born
949 1297 1045 1355 tertia.
1075 1296 1127 1354 liei
1144 1296 1237 1368 magis
1251 1292 1310 1378 isti,

723 1385 772 1441 qm
793 1371 942 1427 clamando
964 1368 1132 1438 saeviebant,
1152 1383 1237 1440 quern
1256 1363 1309 1430 rllr,

723 1441 772 1512 qui
786 1441 1011 1514 obtemperando
1022 1439 1263 1497 administrabant
1277 1453 1288 1519 ³.
1295 1455 1310 1490 n

724 1513 786 1569 haec
799 1515 983 1582 Auentinus.
998 1511 1052 1568 Alii
1066 1510 1176 1581 dicunt,
1211 1509 1264 1566 vrod
1280 1523 1309 1564 ln

725 1585 795 1642 bura
810 1583 895 1641 tertia
910 1583 1046 1643 Dominus
1060 1526 1308 1666 jamconaemna·

725 1661 771 1712 tus
790 1656 836 1725 sit,
851 1662 880 1712 et
894 1654 924 1712 in
940 1657 1012 1712 hora
1026 1660 1112 1711 tertia
1128 1658 1251 1734 incoepta
1265 1654 1309 1734 est

724 1726 871 1784 crucifixio
894 1727 972 1799 ejus;
996 1731 1034 1796 et,
1055 1723 1259 1795 occupationis
1278 1737 1308 1778 vn

724 1799 916 1868 crucifixione,
935 1797 1015 1854 lluxit
1033 1801 1147 1870 tenipus
1163 1810 1253 1878 osque
1271 1792 1308 1876 ad

724 1875 843 1940 scitum,
867 1876 896 1927 et
914 1869 944 1926 in
968 1871 1041 1926 bora
1060 1874 1139 1925 sextu
1162 1865 1308 1946 erucrllxro

724 1942 778 1998 luit
792 1946 986 2000 consummata
1001 1957 1008 1996 :
1024 1943 1052 1998 ct
1068 1939 1133 1997 ideo
1149 1939 1224 2020 quod
1237 1936 1307 2020 dicr-

723 2019 771 2071 tur
782 2013 818 2071 de
833 2013 928 2083 tertia,
939 2027 1039 2069 verum
1051 2011 1138 2068 eslde
1150 2007 1310 2066 crucrllrno·

724 2083 769 2141 uis
788 2083 949 2158 principin3
977 2087 1006 2140 et
1034 2081 1111 2154 quod
1140 2080 1246 2162 dicitur
1273 2077 1308 2162 de

724 2162 814 2226 sexta,
848 2153 1017 2227 intelligitur
1044 2153 1080 2210 de
1117 2152 1309 2233 crucillxronvs

724 2226 979 2292 consummatione,
991 2225 1148 2282 secuudum
1158 2227 1307 2279 veritatem

742 2300 826 2356 oteril
838 2314 902 2356 esse
914 2295 1102 2354 meditullium
1121 2295 1268 2376 horarum,
1280 2295 1306 2348 el

722 2315 794 2428 Bora
806 2369 900 2427 media
916 2369 991 2426 iuter
1005 2375 1114 2426 sertam
1128 2371 1156 2422 et
1170 2370 1284 2422 tertiam
1299 2379 1306 2418 ι

720 2442 822 2515 etquis
838 2441 962 2499 medium
974 2437 1176 2497 denominatur
1185 2437 1307 2517 abutro·

720 2531 776 2588 que
792 2519 998 2579 extremorum,
1020 2511 1083 2568 ideo
1102 2511 1139 2568 ab
1156 2507 1305 2592 Evangeli-

720 2587 771 2643 stis
820 2585 970 2656 nandoque
988 2581 1092 2640 dicitur
1118 2586 1226 2648 tertia,
1253 2577 1305 2660 ab·

720 2601 834 2729 quenffo
849 2655 953 2713 dicitur
967 2661 1055 2712 serta.
1078 2653 1158 2710 Unde
1175 2651 1261 2732 etiam
1277 2664 1306 2705 m

719 2729 832 2800 signnm
849 2729 935 2799 liujus
965 2727 1086 2782 ecclesia
1106 2726 1306 2802 communiter,

719 2801 794 2858 inter
808 2799 920 2857 tertiam
936 2799 965 2855 et
976 2803 1084 2855 sentam
1103 2796 1228 2877 celebrat
1242 2807 1307 2848 mrs-

720 2887 766 2929 sas
784 2871 939 2933 solemnes,
959 2868 1026 2941 quia
1043 2867 1138 2925 missae
1153 2883 1183 2922 vn
1197 2877 1308 2922 memo·

86 2937 135 2992 Sed
150 2937 295 2997 maledicti
311 2940 438 3011 gaudent
458 2947 487 2998 et
512 2941 664 3012 exsultant,
720 2942 793 3000 riam
808 2942 989 3000 celebrantur
1003 2937 1158 2997 Passionis.

86 3009 306 3088 quodintcuturn
320 3027 401 3068 suum
411 3027 532 3084 pravum
547 3013 663 3070 habent.
757 3035 791 3071 eo
806 3015 991 3070 Docuusrvruu
1006 3029 1040 3068 nx
1060 3013 1170 3068 Cnnvsrr
1187 3021 1307 3064 couneu-

87 3079 194 3150 Rident,
216 3091 247 3140 et
274 3081 367 3148 illum.
391 3082 439 3154 qui
466 3089 507 3140 est
529 3100 613 3141 verus
638 3091 667 3142 ct
720 3094 1308 3160 varrone,ncruscorvronunrronrsnronn·

87 3157 202 3209 retornus
214 3157 302 3234 Deus,
317 3153 458 3225 derident,
474 3157 576 3228 atejus
590 3171 666 3212 mor·
720 3174 775 3213 rio.
794 3186 827 3198 -
841 3157 874 3212 Et
887 3157 940 3212 boc
954 3154 1074 3212 articulo
1093 3152 1309 3231 condemnatio·

87 3225 139 3278 tem
148 3231 287 3292 quantum
300 3226 594 3297 possuntaccclcrant,
609 3243 666 3284 non
721 3228 766 3284 nis
778 3226 925 3284 Christiad
937 3231 1057 3282 mortem
1070 3239 1122 3296 per
1135 3226 1308 3280 sententium

88 3289 288 3354 beneficiorum
307 3303 335 3354 et
356 3313 475 3369 operum
491 3299 553 3370 ejus
568 3315 666 3354 recor·
721 3298 843 3356 trabitur
858 3299 1073 3364 documentum,
1088 3293 1164 3377 quod
1181 3307 1234 3348 uos
1255 3305 1309 3373 ea-

89 3361 195 3437 dantur,
217 3384 313 3439 neque
334 3374 451 3440 propter
474 3367 666 3426 innocentiam
721 3386 836 3428 veamus
865 3385 901 3426 ne
927 3383 1062 3439 umquam
1083 3374 1190 3438 justam
1205 3366 1309 3445 mortis

90 3435 171 3515 ipsius
187 3446 359 3507 moventur,
377 3447 406 3496 et
421 3441 501 3511 pund
524 3440 667 3498 crudelius
720 3439 890 3499 sententiam
918 3442 1022 3496 animae
1041 3437 1085 3494 vel
1100 3451 1228 3508 corporis
1247 3447 1308 3490 me·

89 3507 213 3578 videtur,
240 3527 300 3568 non
332 3517 448 3582 proptor
471 3512 666 3576 alllictionem.
721 3529 845 3571 reamur.
867 3515 949 3582 ltem,
965 3511 1037 3568 sicut
1060 3509 1191 3592 Salvator
1208 3511 1308 3562 noster

89 3591 167 3658 quam
187 3581 216 3638 iu
236 3599 272 3639 ee
291 3581 400 3651 vident,
420 3585 613 3641 retrahuntur.
634 3586 668 3640 Et
720 3584 854 3642 sustinuit
875 3582 1027 3656 pronubis
1050 3581 1189 3661 iniquam,
1206 3579 1243 3635 ab
1259 3578 1309 3659 ho·

89 3663 126 3704 sic
147 3652 218 3709 bora
236 3653 324 3710 tertia
342 3653 492 3711 crucifixus
509 3661 551 3712 est
569 3654 666 3711 Douri·
721 3660 809 3724 ruine,
820 3662 921 3712 contre
932 3671 963 3711 se
977 3651 1045 3710 lcrri
1059 3657 1249 3717 sententiam
1265 3663 1307 3704 sic

89 3733 138 3800 uus
151 3723 256 3795 linguis
269 3725 433 3782 ludaeorum
446 3743 453 3792 ;
465 3725 591 3783 'etsexta
605 3743 666 3783 rna·
720 3734 748 3784 et
768 3743 819 3784 nos
833 3743 884 3800 pro
902 3729 960 3783 [leo
974 3739 1075 3783 curare
1095 3739 1153 3780 non
1168 3721 1307 3778 debemus

91 3793 170 3850 mbus
184 3795 314 3854 militum.
328 3797 408 3852 Unde
420 3795 460 3852 ait
475 3801 665 3866 dupustinus:
720 3797 818 3869 iniqua
839 3797 987 3854 bominum
1007 3795 1124 3878 iudicia.
1140 3793 1221 3850 Unde
1235 3793 1308 3878 dpu-

91 3880 103 3912 n
122 3864 258 3930 Quoniam
278 3867 368 3926 ludaei
393 3867 505 3924 lacinus
524 3869 668 3926 interlecti
719 3871 806 3926 stolus
826 3868 864 3926 ed
882 3867 1045 3928 Corinthios
1053 3867 1203 3923 scribens:
1224 3865 1306 3946 Malis,

89 3935 186 4015 Cbrisli
208 3953 225 3994 a
240 3955 282 4006 se,
304 3939 333 3996 in
357 3942 511 4008 Romanus,
532 3939 560 3996 id
575 3945 618 3996 est
637 3942 667 3996 in
720 3940 823 4014 iuquit,
836 3957 888 4012 pro
901 3941 1015 3996 minimo
1030 3943 1080 4008 est,
1094 3943 1126 3994 ut
1141 3955 1159 3992 u
1173 3935 1252 3998 uobis
1262 3951 1309 4004 Ju-

91 4004 206 4064 Prlatum
219 4017 247 4066 et
261 4011 322 4082 ejus
338 4009 444 4067 rnilites
458 4010 609 4068 translerri
622 4027 666 4068 co·
720 4014 806 4078 dicer,
821 4017 871 4067 unt
886 4012 922 4066 ol>
937 4012 1056 4068 numano
1066 4010 1121 4066 die.
1136 4037 1169 4049 -
1186 4008 1229 4064 dd
1241 4021 1309 4063 con·

91 4076 145 4132 nati
170 4085 245 4150 sunt,
271 4089 423 4154 propterea
450 4085 572 4150 ltlarcus,
594 4099 667 4154 sup·
720 4083 902 4140 formandum
932 4099 964 4139 se
991 4081 1058 4138 huic
1083 4079 1218 4147 articulo,
1248 4081 1312 4134 oret

92 4160 182 4215 presse
198 4165 232 4207 ea
247 4151 316 4209 bora
336 4169 392 4224 qua
408 4152 539 4210 Christus
556 4169 573 4209 a
592 4153 667 4210 mili·
720 4155 818 4223 horno,
833 4153 955 4210 dicendo
970 4170 977 4209 :
993 4155 1067 4221 lesu,
1081 4153 1132 4223 qni
1146 4152 1312 4208 sententium

92 4219 162 4296 tibus
184 4221 334 4280 crucifixus
352 4230 406 4293 est,
434 4241 499 4296 qnae
522 4223 569 4296 agi
589 4229 668 4282 sexta
721 4225 958 4282 condemnationis
978 4225 1016 4280 ad
1039 4228 1168 4286 mortem,
1198 4225 1313 4306 mortens

90 4301 144 4355 Jam
170 4299 304 4364 coeperat,
323 4295 436 4352 tertiam
454 4293 548 4368 polius
566 4295 668 4354 boram
720 4303 812 4354 nutem
824 4299 924 4368 crucis,
940 4299 1099 4352 innocenter
1112 4295 1207 4351 subire
1220 4292 1311 4376 uolua·

94 4362 252 4438 recordatus
265 4368 413 4438 expressit,
428 4383 485 4440 qua
501 4367 573 4424 hora
586 4365 667 4424 intel·
720 4371 769 4438 sti,
783 4371 831 4438 sac
845 4385 887 4425 me
897 4369 1006 4438 justam
1020 4367 1118 4424 mortis
1137 4367 1311 4425 sentnvtsom,

96 4429 213 4502 ligentur
230 4439 303 4508 apud
327 4437 450 4496 Pilatum
469 4438 594 4500 clamare
614 4455 667 4512 po·
695 4498 697 4506 ,
720 4443 779 4497 siue
805 4443 836 4498 in
862 4456 984 4511 corpore,
1013 4441 1072 4496 siue
1089 4439 1120 4492 in
1143 4436 1237 4491 enimn
1256 4447 1311 4490 non
