3036 5042
158 436 174 486 2
489 429 645 486 SECUNDAE
672 431 793 485 lillis
822 431 926 486 tlibi
955 433 1019 485 Lllll

162 541 295 600 scientias
309 541 363 608 est,
374 535 498 593 volueris
510 536 660 619 prolicere,
676 551 741 594 cum
798 541 908 594 mortis.
923 538 980 608 Ego
994 537 1046 607 illi,
1062 545 1089 594 et
1107 538 1169 608 ipse
1185 537 1266 595 mibi.
1282 535 1387 595 Omnia

161 628 265 686 magno
282 609 375 668 studio
393 609 536 680 oportebit
549 615 576 664 te
595 624 613 664 a
631 607 694 664 cibo
714 613 742 666 et
797 622 862 735 3⁰ae
881 609 1006 664 mundus
1026 615 1103 666 amat
1118 625 1186 666 crux
1205 607 1276 665 mihi
1297 611 1384 666 sunt:

159 691 229 757 potu
244 683 364 740 delicato
382 680 526 738 abstinere
545 685 574 736 et
592 679 629 736 ad
647 695 741 737 neces
817 678 947 736 electatio
971 682 1081 751 carnis,
1101 680 1222 751 divitiae,
1247 681 1383 747 honores,

159 754 272 813 sitalem
285 757 395 810 tantum
411 767 496 824 parce
509 751 545 809 de
559 757 680 823 utroque
693 767 741 808 sn·
796 766 876 808 vanae
905 750 1052 808 bominum
1082 752 1196 822 laudes;
1222 768 1286 824 qum
1316 767 1384 808 vcro

158 842 247 884 mere.
266 826 354 883 Coena
376 839 489 896 quoque
516 827 657 880 nocturna
681 822 742 880 sive
796 823 919 880 mundus
935 828 1048 894 reputat
1064 840 1188 894 crucem,
1204 823 1261 881 illis
1281 823 1386 881 elfinus

157 905 253 971 potus,
273 895 395 954 multum
409 892 528 967 impedit
540 896 699 952 orationem
714 899 743 951 et
796 893 935 963 sum,illis
944 895 1146 963 adhaereo‚illa
1157 899 1216 952 toto
1224 895 1385 967 amplector

156 965 500 1041 contemplationemque
521 965 740 1038 ropteressetab
796 966 909 1024 ellectu.
929 967 1061 1034 Quamuis
1075 966 1104 1023 in
1122 967 1166 1024 liis
1181 966 1308 1040 Apostoli
1324 980 1385 1022 rer·

156 1039 198 1098 cis
208 1055 260 1112 pro
270 1055 352 1111 posse
363 981 606 1095 abstinendum&
616 1037 741 1094 vestibus
797 1037 918 1094 bisillud
932 1053 1044 1109 quoque
1054 1054 1112 1095 non
1122 1038 1279 1110 incongrue
1293 1035 1387 1110 possit

157 1125 270 1194 quoque
284 1126 318 1168 nc
331 1107 412 1167 lectis
425 1108 556 1191 mollibus
570 1115 599 1165 ct
611 1107 740 1166 delicatis
795 1107 926 1181 intelligi,
937 1108 1102 1166 crucifixum
1111 1109 1137 1166 ei
1147 1111 1285 1167 mundum
1297 1125 1384 1182 repu-

156 1183 310 1251 abstrneas,
319 1179 384 1238 etin
398 1185 500 1237 vestitu
509 1179 654 1237 sicutetin
665 1180 741 1238 victu
795 1179 1015 1252 tatione,ipsum
1027 1197 1093 1238 vero
1105 1182 1210 1239 mundo
1219 1181 1383 1239 crucifixum

156 1253 324 1320 humilieris,
335 1253 525 1324 grossioribus
541 1252 648 1309 utendo
662 1259 691 1309 et
702 1251 741 1309 vi·
796 1251 1262 1324 compassione;crucillxumenim
1270 1252 1383 1310 videbat

156 1323 286 1382 lioribus.
303 1325 420 1395 Oportet
437 1322 524 1380 etiam
546 1323 624 1396 quod
640 1335 741 1380 caveas
796 1325 934 1380 mundum
953 1324 1175 1389 obligationibus
1193 1324 1337 1394 vitiorum,
1354 1328 1383 1380 et

158 1412 177 1454 a
195 1393 385 1478 multiloquio,
401 1398 487 1522 atffiue
504 1394 603 1452 laetitia
620 1409 694 1477 rena
714 1399 742 1451 et
796 1393 857 1477 ipse
872 1394 1092 1467 crucifigebatur
1105 1398 1130 1452 ei
1144 1412 1196 1468 per
1210 1394 1382 1464 compassio-

156 1467 263 1540 inepta,
280 1481 420 1538 quianon
455 1469 515 1522 ecel
530 1481 595 1522 eum
612 1481 660 1537 qur
680 1466 742 1522 vult
766 1430 770 1558 Ι
797 1481 843 1522 nis
864 1467 1021 1523 allectum:
1042 1487 1057 1520 u
1082 1470 1143 1525 baec
1161 1469 1327 1525 benardus.
1351 1468 1384 1522 Et

156 1538 261 1598 Christi
273 1538 402 1596 dolorem
417 1536 535 1607 sentire,
544 1536 574 1594 in
587 1535 693 1606 verbis,
705 1536 741 1594 ri·
798 1537 875 1608 quia,
885 1543 916 1594 ut
930 1538 998 1595 dicit
1014 1539 1171 1609 Gregorius,
1186 1538 1249 1596 sine
1262 1539 1383 1598 delecta·

155 1610 245 1681 sibus,
259 1609 369 1668 lusibus
381 1613 410 1668 et
423 1608 527 1682 gaudio
542 1623 625 1674 nano,
636 1624 667 1666 se
680 1607 742 1691 inu·
797 1607 877 1668 tione
895 1608 992 1667 anima
1010 1625 1167 1682 numquam
1187 1617 1279 1686 potest
1299 1626 1381 1669 esse:

153 1681 243 1739 tiliter
267 1696 418 1753 occupare.
442 1681 639 1738 Necessarium
663 1695 741 1738 enim
798 1696 864 1738 nam
877 1686 927 1738 aut
940 1681 1046 1738 infimis
1058 1683 1229 1752 delectatur,
1243 1687 1292 1739 aut
1306 1698 1383 1739 sum·

154 1753 219 1823 erit,
233 1759 265 1810 ut
278 1751 432 1824 aliquando
444 1750 485 1808 ita
500 1750 608 1824 cogites
620 1756 649 1808 te
666 1767 740 1822 prae·
798 1750 869 1820 mis;
888 1753 963 1822 ideo,
974 1753 1047 1810 heul
1063 1754 1143 1811 multi
1160 1754 1384 1811 consolationem

154 1831 263 1882 sentem
288 1822 460 1892 cogitatione
482 1827 547 1892 tua,
567 1837 601 1879 ac
625 1821 649 1879 si
672 1827 740 1880 tunc
797 1822 924 1881 divinam
953 1840 1010 1880 non
1036 1823 1229 1896 invenientes,
1252 1825 1385 1898 protinus

154 1894 304 1968 temporis,
317 1894 356 1953 ibi
371 1910 500 1968 praesens
513 1893 613 1951 luisses
626 1895 740 1966 quando
797 1894 909 1951 inhiant
919 1895 956 1953 ed
969 1896 1066 1966 aliam,
1077 1905 1105 1953 et
1119 1896 1160 1953 sic
1170 1895 1306 1968 sibijuste
1320 1897 1383 1954 sub·

152 1981 254 2095 sessus
262 1965 329 2036 iuit;
344 1970 374 2023 et
384 1966 460 2022 itate
469 1966 576 2024 habeas
587 1965 740 2038 inloquen-
796 1968 914 2024 trahunt
934 1968 1071 2025 divinam.
1096 1969 1176 2025 tlnde
1196 1969 1382 2024 bernardus:

173 2054 201 2110 o,
210 2038 239 2096 in
249 2036 420 2107 vivendo,in
430 2037 553 2094 dolendo
563 2052 597 2094 ac
609 2036 634 2094 si
647 2036 739 2094 Domi·
797 2055 812 2092 u
828 2037 931 2096 llenuit
942 2038 1083 2096 consolari
1096 2039 1194 2096 anima
1204 2045 1255 2096 tua
1265 2039 1295 2096 in
1308 2038 1382 2108 aliis,

152 2125 223 2168 num
233 2115 314 2168 tuum
326 2124 422 2167 coram
436 2109 526 2166 oculis
538 2107 595 2166 tuis
607 2123 740 2166 cerneres
796 2109 821 2166 si
832 2111 874 2167 vis
886 2110 915 2167 in
927 2109 977 2167 llei
990 2113 1130 2168 memoria
1140 2110 1285 2168 delectari.
1295 2112 1382 2180 Cujus

152 2181 319 2266 patientem.
336 2183 379 2238 lta
392 2179 471 2238 enim
486 2185 515 2237 et
530 2179 590 2252 ipse
604 2181 740 2239 Dominus
795 2181 833 2238 ed
850 2180 922 2238 alias
944 2181 1151 2239 consolationes
1172 2199 1254 2240 mens
1278 2181 1380 2252 inhiat,

153 2269 185 2310 m
199 2252 300 2338 spiritu
314 2252 366 2310 tibi
378 2267 503 2324 praesens
517 2255 582 2322 erit,
598 2255 672 2309 sicut
683 2268 701 2309 a
712 2259 740 2309 te
796 2261 825 2309 ct
839 2269 896 2309 non
909 2251 1019 2324 penitus
1032 2251 1062 2309 in
1078 2253 1192 2311 caducis
1206 2259 1236 2312 et
1246 2253 1380 2311 transito·

154 2325 327 2398 cogitabitur
339 2338 465 2396 praesens
484 2338 562 2392 esse;
577 2327 606 2379 et
621 2325 741 2396 accipiet
796 2323 847 2380 riis
861 2323 957 2381 renuit
974 2325 1125 2394 consolari,
1140 2325 1200 2398 ipse
1215 2324 1269 2382 sibi
1284 2326 1381 2398 prole·

154 2399 205 2453 lua
216 2403 292 2465 vota,
305 2401 335 2451 et
348 2392 508 2466 acceptabit
519 2400 570 2451 tua
584 2394 667 2450 iacta.
796 2400 841 2450 cto
853 2394 974 2452 coelestis
989 2396 1130 2454 subtrabit
1144 2396 1266 2469 gratiam
1279 2412 1380 2454 conso·

192 2487 207 2524 a
240 2468 309 2524 llorc
340 2481 538 2522 nnconnarroru
574 2481 739 2522 consonano
796 2465 927 2536 lationis;
953 2482 1038 2538 quam
1062 2467 1086 2524 si
1109 2467 1194 2541 digna
1217 2469 1379 2532 devotione,

142 2553 284 2596 cannsms
311 2553 367 2596 nou
395 2552 538 2594 cononum.
567 2567 603 2578 -
628 2538 680 2608 Et,
708 2541 741 2596 ut
795 2537 880 2612 pleno
907 2537 1022 2608 ellectu,
1051 2538 1192 2597 desiderio
1219 2539 1380 2597 vehementi

154 2609 279 2667 breviter
297 2608 399 2679 dicam,
413 2608 558 2680 oportebit
577 2613 604 2665 te
621 2623 638 2666 a
656 2607 740 2665 dele·
796 2612 903 2681 petere,
926 2625 1071 2692 quaerere,
1087 2611 1202 2684 pulsare
1221 2617 1380 2683 satageret,

153 2680 279 2738 clatione
293 2685 321 2737 et
334 2677 529 2737 consolatione
541 2680 660 2746 carnali,
673 2695 739 2736 cum
796 2682 857 2736 sine
871 2680 958 2738 dubio
973 2687 1071 2754 petens
1083 2683 1235 2756 acciperet,
1247 2699 1381 2754 quaerens

152 2748 740 2834 magnadiligeuliaelongari,etutamara
796 2749 945 2822 inveniret,
963 2753 1087 2826 pulsanti
1101 2757 1271 2828 aperiretur.
1290 2775 1304 2810 u
1319 2757 1382 2812 Non

152 2831 182 2882 ct
209 2824 281 2882 dura
308 2821 361 2880 ubi
391 2821 568 2893 dulcescant,
590 2827 619 2880 et
643 2821 740 2880 suavia
797 2839 865 2896 ergo
900 2839 993 2882 uaeras
1008 2825 1233 2884 consolationem
1248 2826 1380 2894 etiamsi

151 2895 237 2966 llant,
250 2897 274 2952 sl
288 2892 319 2952 in
335 2891 440 2952 Christi
458 2893 605 2952 doloribus
618 2898 647 2952 et
667 2893 740 2954 Pes·
797 2893 877 2968 cupis
917 2897 1001 2954 abere
1016 2896 1151 2968 divinam,
1167 2897 1244 2971 qula,
1260 2903 1290 2955 ut
1305 2897 1380 2955 idem

151 2965 234 3026 sione
246 2965 471 3024 consulationem
483 2970 512 3023 et
522 2965 621 3024 dulces
634 2965 739 3024 animae
796 2965 865 3024 dicit
886 2969 1056 3040 bernardus,
1079 2969 1200 3028 delicata
1221 2974 1263 3027 est
1284 2969 1381 3026 divina

151 3044 209 3098 tuce
223 3039 313 3111 dapes
329 3035 410 3108 cupis
424 3035 564 3094 invenire.
580 3039 642 3094 Nun
661 3053 738 3096 enim
797 3039 1098 3112 consolatio,quaeuon
1112 3040 1197 3098 datur
1208 3040 1381 3098 admittenti-

152 3110 226 3170 bene
237 3109 410 3167 conveniunt
424 3107 582 3167 consolatio
595 3108 700 3182 carnis,
711 3115 740 3168 et
795 3108 849 3168 bus
862 3111 1003 3180 alienam;
1018 3127 1069 3170 nec
1083 3111 1191 3182 duplici
1204 3111 1257 3183 via,
1267 3113 1311 3170 vel
1323 3113 1377 3170 du·

152 3179 354 3264 contemplatio
361 3179 517 3238 Dominicae
527 3180 666 3239 Passionis
672 3183 738 3252 ;sed
795 3180 860 3254 plici
875 3183 980 3242 allecto
995 3183 1242 3254 quaerasdlvinem
1252 3184 1378 3242 consola·

151 3259 297 3312 contraria
320 3251 402 3326 quasi
428 3253 546 3310 nomina
570 3253 737 3324 sortiuntur,
794 3252 912 3316 tionem.
933 3255 1002 3326 quia
1022 3253 1170 3336 indignum
1191 3261 1219 3313 te
1244 3255 1378 3313 redderes

150 3341 204 3384 nee
228 3329 345 3398 possunt
368 3323 453 3382 simul
482 3341 548 3382 caro
574 3329 604 3382 et
622 3324 738 3398 spiritus
794 3325 829 3382 ad
842 3325 1072 3384 candentiae
1082 3335 1186 3384 iterum
1199 3328 1377 3384 bernardus:

150 3395 297 3466 delectari,
310 3395 379 3466 imo,
391 3397 548 3454 secundum
559 3397 736 3466 Apostolum,
794 3415 809 3450 u
826 3395 962 3468 indignus
974 3396 1172 3456 benedictione
1186 3398 1292 3458 coelesti
1308 3415 1376 3458 con-

149 3467 206 3528 sihi
225 3467 347 3528 invicem
364 3467 561 3526 adversantur.
578 3466 657 3524 Unde
671 3470 745 3524 liert
793 3466 930 3538 vincitur,
952 3467 1001 3542 qui
1024 3468 1110 3528 dubio
1136 3475 1238 3544 quaerit
1260 3471 1376 3538 allectu,

148 3539 277 3598 nardus:
295 3559 309 3593 u
324 3537 397 3598 Crux
413 3537 516 3596 Christi
531 3537 670 3612 voluptati
685 3539 736 3598 ed·
792 3537 897 3668 dulpllci
923 3539 993 3612 petit
1016 3539 1188 3610 intentione,
1218 3541 1295 3600 aliud
1322 3542 1375 3600 sibi

74 3631 76 3634 ·
149 3617 289 3683 vomatur,
305 3616 335 3669 et
352 3609 483 3682 voluptas
502 3609 595 3692 cruci;
615 3618 644 3667 et
662 3627 734 3683 quo·
790 3627 821 3670 re
835 3611 931 3693 ugium
955 3626 1072 3694 parans,
1096 3613 1121 3670 si
1144 3614 1217 3671 torte
1236 3629 1299 3672 eam
1319 3630 1376 3672 non

147 3684 233 3742 modo
258 3689 381 3757 possunt
406 3697 534 3742 excusari
559 3680 733 3755 voluptatum
790 3683 918 3741 obtinere
930 3690 1121 3811 coiitrnffiattn
1137 3687 1374 3744 uerberandus,

96 3821 99 3830 ,
144 3751 734 3826 amatores,utnonsintchristipersecu-
790 3755 893 3813 llanna
913 3755 1016 3814 deiecit
1053 3754 1096 3813 liis
1115 3757 1200 3815 lsrael
1224 3763 1375 3830 postquam

144 3827 245 3886 tnrcsl
259 3824 310 3884 Rei
324 3827 403 3886 enim
415 3827 489 3884 ilunt
503 3824 604 3884 mortis
615 3825 730 3897 Christi,
789 3826 974 3886 comederunt
993 3828 1028 3884 de
1047 3828 1176 3899 lrugibus
1195 3836 1303 3886 terrae:
1325 3845 1375 3900 per

142 3903 171 3957 et
189 3898 214 3956 sl
233 3914 291 3956 non
312 3907 344 3956 ut
358 3903 566 3972 persecutores,
580 3901 677 3956 tamen
699 3903 733 3957 ut
789 3913 894 3957 manlia
908 3898 985 3971 quod
998 3899 1116 3956 babebat
1130 3903 1161 3956 ln
1172 3915 1201 3957 se
1212 3916 1290 3958 omne
1303 3901 1373 3956 dete·

139 3975 230 4030 tentae
240 3969 281 4028 rei
292 3975 515 4045 contemptores.
531 3988 545 4024 u
557 3971 591 4031 bt
604 3971 728 4028 iterum:
787 3975 962 4041 clementum,
978 3976 1004 4029 et
1017 3973 1106 4026 omnis
1124 3974 1232 4044 superb
1246 3974 1373 4028 suavitu-

139 4045 241 4102 «lltbi
263 4041 338 4100 obsit
361 4043 493 4114 pletori,
520 4042 578 4100 alst
596 4043 627 4100 ta
651 4057 730 4100 mccc
786 4045 850 4112 tea,
872 4041 1049 4114 signiticatur
1066 4041 1193 4100 suavitas
1208 4045 1287 4114 lesu,
1309 4058 1373 4116 quae

136 4117 248 4174 domim
272 4117 327 4174 mei
343 4117 409 4174 lecu
429 4115 550 4183 Gbrtstc'c
575 4129 627 4186 per
648 4129 729 4186 quem
785 4111 882 4170 dellcit
892 4111 958 4170 liliis
966 4111 1101 4183 lsrael,id
1109 4118 1153 4172 est
1161 4113 1371 4184 claustralibus,

137 4187 208 4246 mi&
225 4187 346 4244 munaus
372 4187 523 4257 auduus
546 4195 602 4255 est,
628 4191 655 4243 et
679 4200 728 4256 ego
784 4199 849 4242 cum
868 4181 1007 4258 incipiunt
1025 4186 1176 4244 comedere
1192 4185 1227 4243 de
1244 4185 1373 4258 frugibus

136 4259 248 4318 macedo.
260 4259 322 4316 Non
336 4257 441 4328 solum,
455 4254 551 4330 inquit
565 4255 726 4330 apostotus,
783 4259 879 4327 terren,
896 4255 924 4312 id
938 4258 983 4314 est
997 4255 1066 4314 dare
1081 4273 1111 4314 se
1126 4258 1249 4316 terrenis
1268 4273 1371 4316 censos

136 4335 266 4394 medune
288 4327 412 4412 mundo,
438 4328 488 4412 sed
509 4337 538 4388 et
560 4327 724 4398 crudllxus,
782 4325 945 4411 lotionibus.
970 4327 1051 4388 Unde
1075 4329 1101 4388 A
1142 4331 1252 4390 ustinus
1275 4348 1283 4386 :
1306 4347 1320 4384 u
1341 4329 1371 4388 si

136 4401 212 4474 quod
234 4404 279 4462 est
304 4399 607 4474 ignominiosissimum
632 4415 722 4474 genus
781 4399 1078 4458 animusbabetunde
1091 4399 1369 4459 deectnturextrin-
