3036 5042
354 499 395 552 nt:
421 501 614 562 battitiis,
642 499 675 552 lt
703 502 866 554 ttssttttt:
895 501 1019 554 boethi.
1263 500 1293 551 ll

79 605 191 664 dixisset
217 605 267 662 eis.
288 607 343 678 lpsi
371 611 453 662 erant
477 611 653 676 auusantee,
707 613 783 664 rent.
796 608 869 675 Quid
881 606 1012 682 turpius?
1025 605 1097 674 Quid
1109 605 1296 678 despectius?

79 678 128 750 ipsi
141 677 334 744 discutientes,
344 677 394 749 ipsi
405 678 576 734 sententiam
592 695 655 751 pro

77 752 203 807 ferentesv
217 750 376 807 Secundum
393 750 655 816 eedaascntenua

78 838 126 878 sua
151 838 181 878 se
199 822 400 888 condemnant,
415 821 463 893 qui
479 837 545 878 eum
571 821 653 878 morti

77 893 246 964 adjudicant.
267 909 352 964 quem
372 901 400 948 et
422 894 492 962 ocis,
507 899 535 949 ει
560 897 655 965 operis

76 965 116 1021 sui
127 964 288 1020 testimonio
304 967 392 1020 Deum
406 981 468 1021 esse
483 981 655 1036 oignoscere

76 1043 199 1108 possunt.
218 1039 251 1092 Et
268 1035 383 1108 quidem
402 1037 431 1092 in
446 1037 500 1093 hoc
519 1053 585 1092 rere
604 1053 656 1092 re-

76 1107 264 1179 spondissent,
279 1107 427 1180 supposita
440 1107 559 1164 veritate
577 1107 654 1176 iacti,

76 1179 161 1236 omnis
186 1179 264 1236 enim
282 1179 331 1250 qui
355 1179 531 1251 blasphemat
552 1195 656 1236 nomen

77 1251 122 1306 ltci
134 1251 287 1307 secundum
300 1251 402 1323 Legem
412 1267 477 1307 reus
489 1259 532 1307 est
545 1250 654 1318 mortis,

76 1321 136 1393 quit
150 1323 234 1379 debet
249 1321 383 1391 lapidari;
398 1321 459 1394 sed,
473 1323 539 1394 quia
553 1323 657 1378 iactum

76 1393 655 1466 superquolundabeturqnaestioluitlal·

75 1481 143 1534 suni,
155 1467 218 1521 ideo
228 1463 379 1537 responsio
391 1465 444 1522 luit
454 1466 534 1532 laisa,
545 1481 578 1521 ac
590 1481 655 1532 pro-

77 1537 138 1592 lana
150 1541 177 1592 ct
187 1536 298 1619 iniqua.
313 1539 349 1592 Ex
362 1537 416 1592 hoc
427 1543 523 1594 eutem
536 1537 656 1594 articulo

75 1609 317 1664 condemnationis
337 1607 441 1666 Christi
462 1608 499 1664 ad
522 1619 654 1672 mortem,

75 1679 207 1735 habemus
218 1680 277 1736 duo
290 1679 469 1736 documenta.
483 1711 515 1721 -
529 1682 656 1736 Primum

77 1759 125 1818 est,
136 1757 166 1806 ut
178 1766 332 1808 caveamus
346 1767 381 1807 ne
395 1767 528 1823 nmquam
542 1752 590 1807 illa
603 1767 656 1807 coa

74 1821 229 1879 Judaeorum
252 1839 260 1877 :
282 1824 358 1880 Reus
389 1829 433 1879 est
457 1824 568 1892 mortis,
593 1839 656 1894 quae

75 1892 171 1948 Christi
191 1893 313 1950 auribus
331 1897 498 1951 innocenter
517 1893 655 1964 insonuit,

78 1965 173 2021 nostris
196 1965 372 2022 mentalibus
397 1966 512 2023 auribus
532 1967 655 2031 insonet,

76 2041 102 2090 et
116 2053 143 2092 in
164 2037 247 2094 nohis
268 2036 363 2092 locum
383 2038 522 2094 veraciter
541 2037 655 2108 hebeat,

75 2122 136 2163 nam
148 2108 181 2163 dc
194 2123 377 2180 quocumque
390 2110 526 2166 existente
540 2108 569 2165 in
585 2125 656 2164 mor-

76 2178 120 2233 tali
140 2185 258 2250 peccato
274 2195 372 2236 rerum
388 2189 431 2236 est
445 2179 539 2237 dicere
556 2203 563 2238 c
583 2183 657 2237 heus

76 2256 114 2304 at
133 2251 240 2308 mortis.
256 2279 295 2293 -
315 2252 477 2308 Secundum
503 2257 557 2320 est,
580 2257 609 2308 ut
632 2253 655 2308 si

77 2321 181 2392 quando
197 2339 249 2379 nos
265 2327 381 2394 propter
395 2323 539 2380 Christum
554 2339 572 2380 a
587 2339 656 2396 per-

75 2393 245 2451 secutoribus
274 2397 497 2451 condemnemur
514 2396 550 2450 ad
581 2411 655 2452 mor-

77 2468 138 2534 tem,
157 2481 211 2522 non
229 2465 296 2522 idco
314 2468 522 2536 perturbemur,
537 2466 586 2523 sed
604 2482 655 2538 po-

76 2535 127 2590 tius
139 2537 314 2607 gaudeamus
328 2537 511 2608 respicientes
529 2537 566 2594 ed
581 2554 655 2594 mer·

79 2607 178 2664 ecdem.
192 2608 282 2666 -nd
305 2609 540 2665 conformandum
558 2625 587 2666 se
610 2609 655 2666 isti

77 2681 199 2748 articulo,
213 2679 356 2752 recogitet
365 2681 450 2736 homo
464 2681 585 2752 qualiter
594 2680 655 2753 ipse

76 2763 149 2832 saepe¹
172 2758 293 2879 propter
320 2751 460 2809 demerita
492 2768 542 2808 sua
575 2769 655 2809 reum

76 2833 208 2900 mortisse
235 2823 338 2892 cuerit,
350 2825 400 2880 sed
424 2822 471 2879 llei
493 2823 655 2880 misericor·

75 2891 117 2948 dia
130 2893 165 2950 sit
179 2896 320 2952 hactenus
334 2901 517 2952 consecratus
535 2911 586 2968 pro
603 2911 655 2952 sua

75 2966 286 3042 emendatione;
304 2966 347 3022 vel
369 2966 452 3035 alias,
474 2973 556 3036 prout
582 2969 656 3024 Deus

78 3035 265 3108 inspiraverit.
280 3039 354 3104 lesu,
368 3041 418 3109 qui
437 3041 585 3111 profanum
604 3041 656 3094 im·

78 3109 180 3176 morum
200 3125 304 3177 uocem,
323 3112 428 3166 scilicet
452 3127 528 3166 reum
551 3117 576 3166 te
602 3126 658 3165 csse

78 3183 293 3242 mortis.miuiiue
301 3183 430 3250 timuisti,
441 3182 548 3237 custodi
556 3197 598 3237 me
607 3183 657 3237 mi·

80 3263 162 3306 serum
176 3259 353 3323 peccatorem.
370 3269 403 3308 ue
427 3255 457 3308 iu
476 3254 562 3309 omlis
590 3255 656 3324 tuis,

81 3327 178 3378 etune
192 3327 293 3380 mortis
305 3339 368 3380 reus
383 3326 518 3380 invenior.

96 3462 100 3472 Ι
116 3395 465 3454 ioCousruironDouiuus.
482 3427 507 3437 -
517 3394 657 3468 iuncum

80 3469 297 3541 circumstabant
321 3483 431 3535 omnes,
456 3467 515 3524 lere
543 3465 657 3524 insimul

80 3544 217 3617 irruerunt
231 3553 319 3610 super
339 3537 488 3595 Dominum
508 3540 616 3608 lesum,
632 3543 658 3594 et

77 3610 128 3660 oiri
139 3612 187 3678 qui
201 3611 329 3666 tenebunt
347 3613 437 3675 illum,
451 3612 606 3667 illudebant
620 3613 656 3668 ei.

79 3677 135 3758 dlii
153 3687 322 3759 exspuerunt
341 3683 371 3737 in
389 3684 490 3750 sociem
504 3683 564 3752 ejus
579 3681 658 3740 beni-

80 3761 250 3828 gnissimam,
275 3759 421 3824 tamquam
449 3753 478 3808 in
511 3755 656 3811 hominem

80 3823 194 3900 vilernel
204 3823 415 3894 pestiferumet
427 3831 517 3882 morte
527 3824 656 3897 dignum,

79 3889 180 3948 scilicet
193 3895 354 3952 consessum
371 3911 401 3952 sc
416 3911 479 3952 esse
492 3897 549 3952 Deo
565 3913 657 3969 {equa-

80 3957 180 4046 lem3ut
191 3967 381 4037 compleretur
390 3967 466 4038 quod
477 3967 584 4024 dictum
597 3977 655 4025 cst:

78 4033 180 4090 Famem
192 4053 280 4093 meum
298 4055 352 4095 nou
366 4041 457 4094 uberti
468 4057 485 4094 o
498 4042 658 4108 confusione

78 4111 224 4186 sputorum.
239 4109 389 4182 Proprium
404 4109 481 4167 enim
494 4111 657 4168 ludaeorum

80 4181 190 4244 eral,m
212 4187 405 4251 contemptum
429 4197 462 4239 ac
486 4181 657 4255 vituperium

80 4249 106 4299 ει
124 4247 295 4332 despectum,
309 4269 410 4325 spuere
431 4255 460 4310 in
479 4253 581 4311 taciem
597 4255 658 4326 ejus

81 4321 355 4398 quemebJrciehaut;
369 4330 398 4380 et
408 4330 468 4381 tam
484 4323 659 4384 horribiliter

83 4392 108 4442 et
133 4400 306 4451 incessanter
332 4394 362 4452 in
390 4395 476 4453 iacies
511 4395 657 4454 hominum

82 4461 223 4534 spuebant,
238 4469 270 4522 ut
283 4465 454 4540 quandoque
467 4483 517 4525 eos
535 4468 658 4526 selloca·

709 680 781 747 Quid
797 680 1015 736 ienomimosius
1036 685 1064 734 ct
1083 675 1293 746 vituperiosius,

709 767 794 822 quam
810 753 839 808 in
855 752 957 808 tactem
971 766 1118 822 exspuere,
1131 761 1159 806 et
1171 750 1293 806 manime

709 823 737 880 in
765 823 844 880 illam
869 823 968 880 taciem
994 821 1243 894 speciosissimam,
1264 824 1293 876 iu

709 913 793 966 uiuam
804 896 962 950 desiderunt
973 897 1074 960 dnprli
1084 895 1262 964 prospicere?
1272 893 1295 949 Ο

730 983 794 1022 uam
816 983 892 1022 caeca
913 965 1059 1022 aemulatio
1075 964 1230 1020 inletictuttr
1246 965 1297 1020 lu·

709 984 848 1108 aeorum,
862 1037 910 1110 qui
934 1055 990 1094 non
1011 1039 1219 1094 exhorruerunt
1234 1043 1296 1091 tur·

710 1109 834 1183 pissimis
848 1111 936 1178 sputis
951 1111 1010 1165 suis
1026 1108 1170 1164 maculare
1194 1111 1223 1162 et
1245 1107 1296 1163 de·

710 1189 824 1252 turpare
834 1181 934 1238 laciem
945 1187 1003 1236 tam
1013 1179 1180 1244 amabilem3
1195 1183 1224 1235 et
1237 1193 1295 1234 nou

711 1260 820 1309 mulum
836 1253 1011 1322 simplicibus
1023 1251 1119 1308 salire
1130 1249 1231 1322 sputis,
1244 1249 1295 1306 sed

712 1323 904 1382 uerisimiliter
922 1327 1008 1380 etiam
1028 1322 1090 1380 suis
1108 1321 1295 1378 excreationi-

711 1397 764 1454 bus
775 1395 975 1452 loetidissimisl
990 1397 1067 1452 Unde
1078 1395 1226 1450 llatthaeus
1237 1409 1295 1450 uon

711 1467 796 1525 dicit:
809 1470 960 1540 spuerunt,
975 1469 1024 1524 sed
1036 1471 1214 1534 exspuerunt,
1229 1479 1296 1536 uun·

711 1539 734 1596 si
748 1540 904 1596 excreando
917 1543 1064 1612 spuerunt.
1079 1539 1188 1594 Marcus
1200 1543 1296 1592 autem

711 1610 790 1681 dicit,
808 1617 1002 1682 conspuerunt,
1014 1608 1084 1681 quia
1106 1623 1161 1665 uon
1186 1613 1298 1664 tautum

712 1699 796 1751 unus,
811 1684 861 1739 sed
877 1683 973 1755 plures
989 1681 1070 1738 simul
1087 1681 1142 1737 hoc
1156 1681 1296 1736 lecerunt.

712 1757 745 1810 lit
763 1754 803 1810 sic
818 1754 867 1810 illa
886 1753 972 1809 siries
994 1753 1143 1810 benedicta
1166 1751 1240 1808 lecta
1254 1756 1298 1806 εει

710 1825 752 1882 ita
764 1824 974 1888 abominabilis,
988 1823 1068 1896 quasi
1082 1829 1156 1881 esset
1172 1823 1296 1904 leprosa,

711 1913 744 1954 ex
755 1903 844 1970 sputis
859 1903 887 1953 ct
902 1898 1078 1964 uerberibus,
1095 1911 1158 1964 oute
1173 1911 1198 1950 er
1215 1893 1299 1950 dede·

711 1976 795 2036 runt;
811 1969 942 2025 subditur
953 1971 1030 2024 enim
1043 1985 1050 2023 :
1063 1969 1125 2024 Alii
1135 1971 1226 2022 autem
1238 1967 1297 2037 pol·

711 2057 771 2096 mos
785 2044 815 2096 in
829 2043 929 2106 lucian
944 2041 1004 2109 ejus
1022 2040 1165 2094 dederuut.
1184 2039 1240 2093 lloc
1255 2041 1299 2092 est

712 2117 811 2168 contra
825 2111 890 2167 illos
905 2110 953 2182 qui
968 2109 1137 2166 adulterinis
1156 2107 1299 2164 coloribus

711 2199 815 2240 ornare
830 2199 895 2238 suas
912 2181 1041 2238 nituntur
1056 2179 1152 2236 iacies.

751 2277 777 2311 tt
799 2256 856 2310 Duo
874 2271 1033 2310 nocuussra
1050 2271 1083 2308 ex
1104 2267 1299 2321 cousrurioue,

711 2343 794 2382 actus
806 2342 1038 2382 couroniiunouis
1052 2341 1084 2380 er
1098 2340 1207 2379 orario.
1219 2325 1300 2379 -lix

711 2398 765 2454 hoc
784 2397 905 2454 articulo
927 2393 1123 2468 consputiouis
1145 2393 1174 2450 in
1198 2393 1299 2452 laciem

711 2475 866 2526 sumuntur
889 2469 946 2526 duo
966 2471 1145 2524 ‹locumenta
1173 2465 1298 2524 Primum

711 2548 765 2610 est,
776 2541 852 2612 quod
865 2557 916 2598 nos
931 2540 1084 2614 diligenter
1098 2553 1248 2610 caveamus
1264 2554 1299 2594 ne

711 2620 740 2668 et
754 2629 806 2668 nos
818 2627 964 2684 umquam.
981 2627 1044 2668 cum
1059 2609 1177 2678 Juuaeis,
1193 2608 1298 2668 Christi

712 2683 812 2740 taciem
826 2699 1029 2756 conspuentes,
1040 2681 1117 2755 quod
1134 2680 1227 2738 modis
1233 2682 1300 2810 Jalu-

711 2754 791 2812 ribus
811 2756 853 2811 lit.
874 2755 969 2812 Primo
991 2770 1126 2828 namque,
1144 2769 1230 2810 secun
1253 2769 1300 2810 um

711 2829 930 2897 Hieronymum,
957 2825 1057 2882 laciem
1093 2823 1198 2884 Christi
1231 2841 1299 2882 con·

712 2905 826 2971 spuunt.
837 2901 884 2970 qui
895 2897 1101 2954 conscientiam
1117 2911 1197 2953 suam
1215 2895 1299 2953 ioedis

712 2968 932 3041 cogitationibus
946 2975 975 3026 et
989 2967 1148 3026 actionibus
1160 2969 1298 3037 polluunt.

712 3039 852 3110 Quoniam
864 3041 940 3098 enim
955 3039 1084 3097 Christus
1094 3038 1298 3096 conscientiam

712 3119 840 3170 sanctam
856 3111 1006 3180 inhabitat,
1024 3112 1053 3168 in
1068 3127 1125 3194 qua
1138 3109 1187 3167 Dei
1202 3110 1298 3174 iacies,

711 3183 740 3241 id
756 3190 799 3240 est
813 3183 907 3257 imago
922 3183 1043 3250 relucet;
1062 3185 1127 3239 hinc
1149 3187 1203 3250 est,
1223 3181 1300 3254 quod

713 3254 760 3326 qui
775 3255 979 3311 conscientiam
999 3269 1079 3310 suem
1114 3251 1218 3310 eccatis
1231 3253 1298 3325 pol-

712 3325 774 3384 luit.
791 3325 870 3408 quasi
885 3331 999 3398 sputum
1022 3324 1052 3380 in
1070 3269 1173 3381 uicisti
1197 3323 1299 3381 laciem

713 3397 834 3470 projicit.
860 3399 893 3453 Et
915 3396 990 3465 idco,
1015 3395 1084 3453 dicit
1106 3397 1299 3466 llieronpmus,

713 3469 788 3542 quod
803 3467 938 3526 Dominus
954 3471 1052 3524 noster
1063 3465 1091 3523 in
1103 3466 1204 3524 taciem
1217 3482 1298 3524 suant

712 3540 829 3614 conspui
846 3539 944 3610 voluit,
960 3546 991 3597 ut
1006 3539 1216 3612 sputaminibus
1233 3555 1296 3595 sns-

713 3614 801 3680 ceptis
818 3611 919 3669 laciem
938 3611 1041 3668 anime
1058 3618 1160 3668 nostrae
1179 3610 1297 3667 lavaret.

712 3684 852 3752 Secundo,
866 3683 1022 3740 secundum
1039 3684 1193 3751 ltuhuuum,
1207 3681 1247 3738 illi
1267 3681 1297 3738 in

713 3755 813 3812 laciem
827 3753 930 3811 Christi
946 3761 1094 3827 exspuunt,
1111 3753 1160 3828 qui
1176 3769 1297 3826 pressen-

713 3828 781 3883 tiam
799 3825 898 3899 gratiae
922 3827 984 3898 ejus
1003 3825 1181 3882 exsecrandis
1202 3823 1297 3900 verbis

713 3915 745 3954 ex
758 3898 872 3954 interna
886 3913 969 3954 caecae
984 3895 1087 3954 mentis
1099 3895 1211 3954 insania
1225 3912 1299 3953 con-

712 3972 812 4042 ceptis,
828 3972 973 4038 respuunt.
990 3975 1018 4026 et
1031 3983 1095 4025 eum
1108 3967 1138 4025 in
1154 3985 1239 4026 carne
1254 3983 1299 4024 re·

712 4041 789 4098 nisse
805 4046 918 4112 negant.
934 4040 1039 4104 Tertio.
1055 4041 1210 4097 secundum
1226 4039 1298 4097 tire-

712 4115 831 4182 porium,
849 4112 992 4168 infaciem
1009 4110 1111 4168 Christi
1125 4115 1297 4185 conspuunt,

713 4185 761 4255 qui
770 4183 864 4310 gustos
878 4189 905 4240 et
921 4189 1036 4241 sanctos
1050 4181 1226 4255 inpraesenti
1242 4185 1298 4238 vite

714 4271 766 4312 con
781 4261 871 4322 utant,
893 4260 922 4312 et
941 4255 970 4312 in
993 4270 1092 4311 eorum
1113 4251 1299 4311 contumelias

714 4328 788 4383 lloxa
817 4328 915 4396 verba,
940 4325 1021 4400 qnasi
1048 4327 1168 4382 libentes
1195 4323 1299 4380 salivas

714 4397 838 4455 mittunt.
855 4399 961 4467 Quarto
980 4403 1074 4470 potest
1088 4395 1159 4464 dici,
1170 4395 1245 4465 quod
1262 4393 1298 4452 ed

714 4469 838 4526 litteram
866 4468 1010 4526 Christum
1039 4469 1067 4523 in
1097 4465 1198 4523 taciem
1224 4479 1300 4522 con-
